3659 5892
614 543 780 608 LIBER
803 543 865 623 ΙΙΙ,
888 546 942 610 25.
1293 545 1354 610 183

319 697 340 760 5
375 697 549 762 AEternum
564 699 725 762 meditans
741 697 842 762 deous

414 801 523 866 Stellio
538 801 682 866 inserere
697 811 731 866 et
746 801 880 866 oonsilio
895 799 1011 865 lovis?

373 903 489 970 Dicam
503 903 644 988 insigne,
659 925 783 982 recens,
799 902 908 968 adhuc

413 1006 576 1071 Indictum
591 1027 647 1070 ore
663 1004 737 1069 alio.
783 1005 863 1070 Non
879 1027 974 1070 secus
988 1005 1022 1068 in
1033 1005 1123 1090 jugis

372 1107 546 1172 Exsomnis
562 1117 673 1192 stupet
688 1106 800 1186 Evias,

310 1210 351 1273 10
414 1210 565 1276 Hebrum
579 1209 794 1296 prospiciens,
810 1219 844 1274 et
859 1209 933 1274 nive
947 1207 1120 1274 candidam

370 1310 534 1389 Thracen,
551 1334 589 1378 ao
604 1313 689 1396 pede
702 1313 845 1379 barbaro

413 1414 601 1480 Lustratum
617 1413 816 1499 Rhodopen.
863 1413 912 1479 Ut
927 1412 1006 1478 mihi
1020 1413 1115 1478 devio

371 1512 477 1602 Ripas
492 1527 527 1582 et
541 1537 679 1581 vacuum
693 1539 807 1583 nemus

412 1619 530 1684 Mirari
544 1619 642 1684 libet!
690 1619 722 1683 Ο
738 1618 904 1684 Naiadum
919 1629 1049 1704 potens,

310 1719 350 1783 15
371 1719 639 1806 Baccharumque
655 1720 832 1786 valentium

412 1822 573 1888 Prooeras
588 1825 738 1888 manibus
753 1835 879 1889 vertere
895 1821 1061 1889 fraxinos:

370 1923 428 1988 Nil
442 1947 579 2010 parvum
593 1937 650 1990 aut
665 1925 778 1990 humili
793 1925 902 2004 modo,

412 2025 471 2092 Nil
485 2027 620 2094 mortale
635 2027 760 2112 loquar.
807 2027 916 2092 Dulce
931 2027 1110 2114 periculum
1124 2040 1186 2106 est,

368 2129 401 2192 O
417 2127 558 2194 Lenaee!
582 2131 677 2216 sequi
693 2129 801 2194 Deum

303 2230 347 2294 ‘20
411 2232 603 2318 Cingentem
619 2233 715 2298 viridi
730 2244 876 2318 tempora
891 2233 1055 2318 pampino.

228 2417 301 2466 1-6.
372 2418 759 2485 'a,poeun,cumenaudseius
791 2419 900 2485 temptari
917 2417 965 2468 inci
983 2419 1010 2468 it.
1044 2419 1122 2476 Boias,
1141 2418 1249 2477 Bscelis,
1265 2419 1297 2470 sb
1313 2437 1352 2470 or·

192 2479 218 2529 in
227 2481 341 2556 'Augus'
370 2483 444 2533 andos
461 2485 607 2543 molientem,
623 2485 758 2542 Baochum,
790 2483 884 2548 giorum
895 2500 954 2534 voce
966 2436 1035 2532 Ιῖωε.
1067 2483 1353 2541 Erwnnis,b.e.somno

192 2561 235 2609 qur
251 2561 350 2596 numine
364 2564 408 2596 suo
423 2549 478 2614 ejus
493 2558 577 2615 pectas
591 2549 758 2618 impleret,in·
791 2556 937 2614 experrecta,
955 2549 1071 2607 ἔξυπνος.
1104 2546 1177 2607 Quod
1195 2549 1235 2599 Cl.
1252 2549 1353 2600 Mitseb.

192 2625 293 2660 ratane
301 2627 310 2670 ;
325 2612 416 2662 sndivit
434 2623 509 2680 poete
531 2631 613 2680 preces
636 2615 758 2672 Bacchus,
790 2623 867 2727 putat,
880 2629 923 2678 per
934 2613 1057 2662 Bacchum
1067 2628 1205 2663 exsomnem
1216 2614 1352 2679 intelligen-

192 2675 261 2724 adest
271 2683 296 2726 et
307 2677 361 2742 ejus
376 2686 462 2743 pectus
472 2679 552 2736 intrat,
563 2679 634 2744 cujus
644 2679 692 2728 vim
704 2695 758 2730 san·
807 2694 845 2727 mn
856 2693 908 2728 esse
918 2693 971 2728 enm
981 2693 1037 2743 qne
1047 2693 1140 2733 somno,
1153 2677 1236 2726 audito
1246 2681 1352 2744 tympani

192 2739 264 2796 tiens,
279 2741 331 2794 Quo
343 2759 385 2800 ms,
397 2743 495 2801 Bacche,
514 2748 579 2806 rapis
593 2748 629 2794 tat
645 2746 760 2793 Plenum?
790 2759 857 2800 sono,
870 2750 1016 2808 experrecta,
1027 2743 1122 2808 istoque
1132 2741 1164 2790 nd
1175 2757 1250 2791 novos
1263 2743 1353 2794 sorores

192 2805 323 2854 exclamat.
359 2809 425 2855 Velm
444 2817 518 2856 ments
535 2813 610 2858 novo?
629 2825 760 2874 novo,quo
790 2815 896 2858 recreata
911 2809 997 2857 iterum
1010 2807 1087 2856 furere
1103 2805 1210 2872 incipiat,
1222 2808 1353 2874 pnrumrei

191 2867 312 2935 impellor,
325 2869 414 2937 impetu
429 2873 541 2924 velociter
553 2889 634 2924 ruens.
668 2875 757 2930 Quibus
789 2872 996 2922 accommodatum
1014 2882 1060 2921 est.
1093 2871 1193 2920 Baeclrs
1209 2872 1273 2921 enirn
1291 2887 1353 2922 noso

192 2935 277 2983 Astris
296 2939 384 3000 egregii
403 2938 508 2994 Cauris,
524 2947 581 2988 cett.
599 2938 756 3005 provulgari,
789 2937 866 2986 lurore
877 2946 985 3002 correpta
994 2935 1100 3002 proiecto
1111 2951 1160 2984 non
1171 2937 1224 2984 loca
1233 2941 1352 3000 prospicit,

191 2997 217 3046 in
237 2999 330 3063 quibus
347 3001 420 3049 antris
439 3011 550 3051 eternam
570 3003 676 3068 Augusti
697 3003 758 3052 iuter
790 3018 833 3052 nec
851 3017 889 3058 ea,
906 3009 934 3050 ut
950 3011 1029 3068 poeta,
1046 3003 1158 3050 miratur.
1190 3001 1281 3064 Stupet,
1295 3017 1352 3051 cum

191 3062 249 3112 deos
265 3063 337 3112 relati
353 3064 453 3128 gloriam
468 3069 571 3116 canam!
604 3071 697 3117 Audias
711 3085 757 3117 me-
790 3077 886 3134 stupore
901 3067 1075 3132 contemplatur
1091 3065 1146 3114 loca
1161 3064 1188 3114 in
1203 3081 1258 3130 quo
1273 3067 1352 3116 sede·

190 3129 269 3177 ditans
282 3144 334 3194 pro,
345 3129 484 3188 meditabor,
497 3141 520 3180 et
535 3134 580 3181 hoe
595 3149 646 3198 pro,
658 3147 755 3182 carmen
786 3132 860 3181 latam
879 3131 954 3180 videt.
986 3132 1042 3179 Abit
1063 3129 1127 3180 euim
1149 3133 1174 3178 iss
1196 3134 1271 3193 quiere
1290 3133 1353 3179 motti

190 3191 330 3242 meditando
341 3195 447 3244 tentabo.
481 3197 578 3261 Egregii
585 3199 681 3246 Cereris
688 3207 753 3245 oter·
786 3199 881 3245 rabidus
890 3197 966 3270 [υτον
979 3197 1061 3249 animi,
1073 3205 1102 3244 ut
1119 3195 1230 3243 Catullus
1247 3195 1353 3260 loquitur

190 3273 246 3306 uass
257 3261 338 3316 decim
350 3260 472 3324 egregium
484 3261 530 3324 (cl.
541 3277 594 3326 sup.
606 3261 623 3318 i,
636 3263 660 3318 6,
676 3261 719 3322 ll)
732 3271 756 3311 et
787 3259 812 3309 in
834 3260 973 3310 Galliambo
990 3275 1015 3310 v.
1034 3259 1075 3308 38.
1109 3259 1221 3316 Hebrum,
1243 3260 1352 3310 'l'hrscisr

191 3329 289 3371 eterne
299 3323 381 3386 gloriae
394 3323 480 3374 decore
496 3325 613 3390 insignem
626 3327 756 3376 Caesarem.
788 3325 898 3380 fluvium,
924 3340 989 3373 nunc
1018 3325 1120 3372 Moriar.
1160 3323 1221 3372 Pede
1246 3326 1352 3383 barbaro,

192 3386 296 3436 Comitio
306 3388 369 3436 loris
379 3391 488 3446 inserere,
498 3390 552 3438 tna.
565 3391 626 3440 inter
636 3390 693 3440 deos
704 3407 754 3440 ma·
788 3389 813 3438 h.
825 3405 847 3439 e.
860 3389 920 3455 pede
930 3390 1091 3446 barbararum,
1103 3404 1189 3454 nempe
1201 3388 1352 3438 Bacchamm

186 3450 260 3514 joses,
273 3451 318 3516 qui
335 3453 366 3501 ab
377 3453 439 3503 Jove
455 3453 481 3502 in
495 3454 622 3504 eonsilium
633 3465 755 3514 vocantur,
788 3454 962 3515 Thraciarum,
980 3453 1077 3502 Thraeca
1097 3453 1171 3510 enim,
1190 3461 1218 3500 ut
1237 3453 1350 3517 Phryges,

188 3514 293 3578 reterre,
310 3517 386 3566 multo
395 3519 759 3585 graviusigiturconritio,qunm
791 3519 854 3584 apud
873 3527 957 3584 poetas
977 3519 1077 3567 Grecos
1097 3515 1225 3581 βάρβαροι
1244 3517 1353 3567 andiunt.

189 3583 298 3637 musitio,
310 3582 375 3647 quod
389 3583 413 3630 in
425 3583 570 3647 quibusdam
581 3583 649 3635 editt.
660 3585 758 3635 exhibe·
792 3582 1233 3646 lttocloprn,rnontem1'b1naiae,nunc
1242 3581 1352 3631 Deterret.

191 3651 245 3705 tnr;
261 3649 362 3696 coneilio
380 3647 443 3696 enim
463 3647 560 3706 adsunt,
580 3650 668 3714 quibus
688 3658 759 3715 capta
791 3648 873 3705 Deris,
901 3647 961 3696 locis
988 3645 1133 3696 absconditis
1156 3646 1354 3720 circumagenti.

190 3709 293 3759 consilia
319 3720 490 3785 proponuntur,
513 3716 607 3762 oonsilio
629 3730 693 3771 vero,
716 3713 759 3780 qui
791 3713 873 3775 Ripns,
890 3711 995 3761 Bacche
1012 3711 1119 3759 Hebrum
1136 3709 1300 3776 prospicientis
1316 3727 1352 3762 re·

191 3771 248 3888 ipspt
259 3775 370 3890 oppsrl'lsis
380 3777 503 3890 21)in
513 3777 665 3891 adhibentpr.
735 3843 740 3854 Ι
788 3774 1335 3890 spticpu{zbitg.NVipp1uum,stolum,ptastum.

238 3867 270 3876 -
309 3875 316 3889 .
356 3857 419 3898 oe,
496 3857 658 3892 sareanenae
718 3860 755 3892 n·
854 3869 927 3890 -.
1001 3859 1015 3887 o
1056 3859 1094 3888 un
1145 3855 1351 3898 ens,oe.enuas,

191 3909 238 3952 tate
260 3921 338 3970 qnam
360 3906 454 3956 Bacchi
473 3907 571 3956 numine
589 3859 757 3974 plenusirism
789 3922 833 3957 our
844 3906 891 3955 hue
904 3913 973 3954 actus
984 3904 1055 3954 luerit
1065 3857 1145 3970 poeptii,
1157 3904 1188 3953 de
1198 3903 1289 3968 integro
1299 3902 1354 3954 e‘us

192 3968 458 4030 animumsumit,etde
467 3971 555 4036 insigni
564 3973 685 4028 carminis,
710 3972 757 4022 uod
789 3971 854 4022 subit
880 3971 1005 4030 animum;
1032 3969 1119 4017 iterum
1149 3968 1221 4034 igitur
1247 3984 1279 4034 sp
1319 3971 1354 4020 tat

191 4043 334 4084 cantaturus
350 4045 395 4094 est,
407 4036 554 4085 sublimitate
570 4053 626 4086 curn
641 3990 716 4086 nobili
730 4038 756 4086 fi·
790 4035 924 4092 Bacchum,
935 4043 959 4083 et
974 4035 999 4082 in
1009 4033 1162 4090 sublimioris,
1173 4033 1205 4082 de
1220 4049 1268 4097 quo
1282 4033 1353 4090 dixit,

190 4095 392 4164 ducialoquitnr.
428 4101 515 4166 Recens¹
523 4101 573 4166 ipse
583 4102 696 4167 explicat,
713 4103 756 4150 sd·
789 4101 903 4150 carminis
921 4099 975 4148 nisu
994 4098 1107 4164 persistit.
1142 4098 1294 4146 Olt'oindum
1312 4116 1352 4160 po-

192 4161 235 4210 lae
254 4167 372 4212 indictam
394 4166 441 4212 olio
460 4183 513 4224 om
535 4165 599 4216 idam
622 4173 712 4223 autem,
731 4175 758 4214 ut
790 4176 839 4214 tens
855 4165 1050 4227 Baccharumque,
1066 4179 1081 4212 o
1097 4163 1164 4220 (leus,
1180 4162 1206 4210 in
1221 4162 1294 4227 cujus
1311 4178 1352 4228 po-

191 4227 268 4278 solent
285 4230 390 4292 graviter
408 4230 529 4286 commoti,
547 4231 585 4279 bis
602 4230 669 4280 dicit.
705 4231 758 4280 Non
790 4238 876 4279 testate
887 4229 979 4278 Naides
988 4239 1013 4276 et
1023 4227 1127 4276 Bacche
1137 4235 1209 4301 sunt}
1226 4235 1254 4274 nt
1264 4243 1319 4292 sup.
1334 4229 1352 4284 i,

189 4302 755 4429 multtattttttttttttt
786 4295 1186 4430 tsi’1,¹t'3.¹t.⁰.tt‘.t’t‘,‘tz.t²
1202 4290 1352 4406 tisim:

191 4421 383 4487 circumspicere,
399 4434 424 4472 et
440 4424 520 4472 mirari
534 4424 588 4474 loca
598 4425 625 4473 in'
635 4441 691 4490 qun
707 4442 755 4475 cre·
788 4431 911 4490 comparat
936 4421 1014 4502 Orpb.
1038 4423 1130 4486 Hymn.
1153 4421 1198 4477 liri,
1223 4421 1248 4476 6,
1275 4420 1353 4470 Na'ios

191 4499 303 4535 eoseum
315 4487 422 4554 rapuerit
437 4487 555 4555 impetus,
572 4498 695 4556 comparat
710 4489 756 4554 igi·
789 4490 830 4540 sai
845 4486 956 4554 Βάκχαις
967 4485 1089 4552 ηγοὺμενε
1102 4486 1272 4557 κςποφόροισι.
1307 4485 1353 4534 Vs·

193 4555 230 4597 tur
245 4565 271 4600 se
289 4566 347 4600 eum
367 4552 489 4608 Menade,
524 4570 562 4603 ua
580 4571 594 4604 e
612 4569 704 4612 somno,
717 4555 758 4604 cui
790 4555 887 4602 lentium
900 4553 1009 4600 Procerus
1020 4553 1124 4599 manitus
1136 4561 1222 4598 verrere
1225 4549 1337 4613 fraxinos
1343 4569 1352 4608 ,-

193 4611 322 4665 furibunda
333 4616 516 4668 tandemsuccu
550 4627 759 4684 erat,esperractn
789 4618 819 4668 de
839 4616 958 4682 ejusmodi
980 4614 1111 4664 furibunda
1133 4613 1282 4662 Baccharum
1301 4613 1352 4664 vio·

193 4687 215 4726 et
232 4695 246 4728 a
263 4679 341 4731 lurore
359 4697 405 4731 suo
421 4697 463 4750 per
479 4697 534 4731 eum
551 4691 664 4740 recreata,
676 4683 759 4733 oculos
791 4682 862 4732 tentia
873 4683 905 4730 ci.
916 4679 1125 4746 Euripid.Baccir.
1135 4681 1189 4735 109,
1201 4679 1272 4735 1066,
1282 4679 1353 4735 1093,

193 4741 388 4806 circumflectere,
404 4755 429 4796 et
440 4747 494 4796 loca
505 4747 531 4796 in
542 4765 596 4813 quae
609 4747 682 4798 ruerit
698 4763 756 4798 eon·
789 4748 898 4796 etllot.
934 4747 1009 4794 Dotce
1017 4746 1148 4808 periurium
1159 4754 1191 4794 est
1203 4745 1265 4807 sequi
1276 4746 1354 4802 deam,
