3659 5892
676 526 843 593 LIBER
865 528 910 607 11,
933 528 966 593 8.

262 678 306 747 60
326 678 406 745 Non
419 680 523 764 magis
539 678 690 758 audierit,
706 702 805 765 quam
818 679 933 747 Fuiius
948 680 1060 747 ebrius
1073 680 1163 761 olim,

328 780 441 854 Quum
455 780 591 855 Ilionam
605 781 756 860 edormit,
772 782 918 847 Catienis
932 778 1018 849 mille
1033 784 1195 863 ducentis,

329 888 350 919 ‘⁶
363 882 477 947 Mater
491 892 522 947 te
535 884 694 971 appello,”
708 883 935 951 clamantibus.
979 884 1071 953 Huic
1084 909 1148 971 ego
1160 886 1278 973 vulgus

328 985 445 1051 Errori
460 986 594 1051 similem
609 996 762 1053 cunctum
776 988 917 1055 insanire
931 987 1071 1053 docebo.

328 1086 454 1153 Insanit
468 1098 595 1155 veteres
612 1099 736 1155 statuas
751 1088 977 1175 Damasippus
991 1090 1140 1157 emendo.

263 1189 306 1255 65
327 1188 461 1275 Integer
475 1201 526 1255 eat
540 1192 657 1257 mentis
671 1191 869 1277 Damasippi
884 1192 1049 1257 creditori
1095 1191 1191 1259 Esto.

328 1290 466 1378 Accipe,
482 1294 573 1379 quod
587 1316 753 1379 nunquam
767 1294 888 1361 reddas
903 1292 995 1373 mihi,
1010 1293 1040 1359 si
1053 1294 1114 1359 tibi
1128 1293 1246 1373 dicam,

328 1394 426 1463 Tune
441 1398 575 1469 insanus
590 1398 666 1475 eris,
683 1397 711 1463 si
726 1397 913 1482 acceperis?
937 1418 980 1464 au
993 1395 1096 1481 magis
1111 1416 1229 1461 excors

330 1495 469 1582 Rejecta
484 1500 607 1585 praeda,
624 1521 721 1583 quam
735 1520 880 1585 praesens
897 1498 1086 1566 Mercurius
1100 1496 1186 1563 fert?

328 1598 443 1665 Scribe
459 1602 573 1669 decem
587 1624 607 1666 a
621 1601 745 1666 Nerio:
769 1623 834 1665 non
849 1610 901 1665 est
916 1602 1014 1679 satis;
1037 1600 1123 1665 adde
1138 1599 1265 1667 Cicutae

264 1698 306 1763 70
327 1698 458 1773 Nodosi
473 1704 600 1771 tabulas
616 1712 763 1782 centum
786 1700 873 1770 mille
887 1702 973 1769 adde
987 1713 1136 1769 catenas:

328 1802 478 1889 Effugiet
493 1816 600 1873 tantm
614 1805 686 1871 haec
701 1802 879 1872 sceleratus
893 1803 1023 1869 vincula
1036 1804 1189 1871 Proteus.

327 1904 440 1978 Quum
454 1910 563 1994 rapies
577 1910 677 1993 injus
692 1906 783 1973 malis
798 1907 960 1986 ridentem
973 1906 1098 1985 alienis,

327 2006 508 2095 Fietaper‚
523 2012 620 2077 modo
636 2010 715 2088 avis,
731 2009 829 2075 modo
845 2031 970 2089 saxum,
986 2019 1021 2075 et
1034 2031 1135 2094 quum
1149 2006 1236 2076 volet
1250 2010 1358 2075 orbor.

238 2142 341 2201 prudens
359 2144 453 2200 oceidit,
469 2146 596 2202 arbitrans,
609 2162 632 2195 re
650 2146 799 2209 Polydorum,
832 2142 1025 2195 conveniuntur.
1058 2143 1154 2193 Insanit
1168 2143 1200 2201 it,
1213 2142 1258 2211 qni
1272 2142 1395 2193 immensis

232 2205 316 2267 fitium
344 2207 444 2266 Priami,
472 2210 620 2275 interfecisse.
662 2211 747 2275 Itaque
775 2208 801 2257 in
833 2208 913 2257 usuris
921 2208 1010 2259 loenori
1021 2208 1063 2257 dat
1072 2208 1210 2277 pecuniam,
1220 2223 1293 2274 quam
1301 2206 1395 2258 debitor

239 2269 356 2333 nmoedia
370 2272 471 2321 Pacuvii
488 2289 537 2322 non
552 2274 597 2323 Pol
615 2272 687 2323 dorus
700 2282 801 2323 matrem
833 2271 930 2323 reddere
942 2273 1034 2339 nequit.

241 2328 376 2393 Hecubam,
396 2346 424 2385 ut
444 2346 480 2387 est
501 2337 566 2404 apud
589 2337 736 2403 buripidem,
759 2337 802 2389 sed
867 2338 909 2387 65.
927 2336 991 2395 Este,
1004 2337 1089 2389 sitita.

241 2393 372 2464 Deiphilus
384 2400 487 2451 Ilionam
504 2418 546 2467 per
560 2402 679 2453 somnium
696 2404 801 2477 compel-
867 2402 908 2451 68.
922 2403 997 2455 Quom
1032 2400 1396 2467 aeoeosMercurissefertiqutm

240 2461 315 2512 labat.
348 2465 447 2515 itionem
457 2469 563 2523 ademit,
571 2467 674 2517 Ilionam
682 2468 801 2517 dormien-
835 2482 898 2516 nnnc
917 2466 986 2516 offert
1019 2466 1119 2517 'ercurii
1133 2464 1395 2531 invor‚h.e.prnsens

241 2533 289 2575 tem
309 2542 382 2593 agens
402 2545 456 2579 vere
477 2530 572 2581 dormit.
617 2534 718 2581 Catienis
739 2534 802 2579 mitis
835 2529 946 2581 lucrandi
956 2530 1060 2581 occasio.

240 2591 345 2641 ducentis
365 2596 530 2645 clamantibus:
553 2596 654 2647 Catieno
677 2595 800 2651 lristrionc,
865 2595 972 2645 69-71.
988 2592 1333 2651 SeribedeerrseNerio,cett.
1353 2594 1396 2645 Ad

241 2653 283 2719 qui
300 2656 391 2707 Umbra
406 2659 515 2725 Deiphili
528 2660 645 2726 prodibat,
658 2660 800 2711 tentaveris
832 2659 947 2709 orationis
969 2676 1058 2709 nexum
1081 2659 1161 2708 animo
1187 2656 1398 2724 complectendum

240 2718 370 2772 intentione
381 2723 510 2783 clamante,
521 2734 549 2774 ut
563 2724 629 2775 millo
641 2724 738 2774 ducenti
751 2725 800 2775 Cn·
833 2724 920 2791 supple
931 2724 979 2775 iere
993 2724 1061 2773 bac:
1079 2722 1171 2773 Annon
1187 2722 1287 2772 insanus
1301 2732 1338 2771 est
1349 2724 1396 2775 soc·

240 2782 299 2833 tieni
321 2786 425 2837 clamare
444 2788 593 2851 viderentur3
615 2790 736 2853 clamabat
758 2805 801 2837 an·
834 2798 937 2847 iterator,
948 2788 992 2855 qui
1008 2788 1079 2838 malea
1096 2788 1152 2837 fidei
1166 2787 1266 2837 debitori
1277 2802 1396 2840 summam

241 2854 298 2905 tem,
316 2852 395 2901 Mater
412 2862 434 2901 te
451 2856 550 2917 appello.
584 2856 677 2905 Versus
692 2853 801 2913 Pacuvii,
833 2852 942 2919 aliquam
1005 2853 1069 2903 unite
1091 2851 1184 2902 crediti
1200 2867 1265 2909 unm,
1285 2854 1397 2927 quamvis

258 2912 284 2961 ui
300 2914 349 2965 huo
366 2917 492 2981 pertinent,
511 2919 597 2968 servati
611 2920 722 2983 leguntur
738 2918 801 2984 apud
849 2917 947 2968 rovldns
972 2926 1090 2967 oenerntor
1105 2917 1190 2982 quovis
1204 2916 1296 2965 vincnlr
1310 2931 1396 2979 genere

241 2926 380 3031 {iseronem
395 2982 470 3031 Tusc.
489 2985 583 3041 Quaest.
595 2983 612 3043 i,
625 2984 666 3041 tt,
684 2984 763 3032 linter
780 2992 802 3031 te
832 2934 944 3032 iallncem
951 2981 1083 3031 debitorem
1092 2989 1268 3039 necuttamen
1276 2978 1316 3028 bic
1325 2980 1396 3054 illum

241 3045 379 3105 appellata
393 3064 442 3110 quc
451 3064 757 3109 enromsoosrsoruspensum
768 3049 800 3095 ie-
832 3047 923 3097 eludet.
966 3045 1107 3111 Alloquitur
1131 3045 1204 3111 igitur
1231 3044 1396 3119 Damasippus

240 3106 289 3165 ias,
314 3108 393 3174 Neque
415 3120 436 3160 te
456 3115 563 3162 sabens
586 3128 665 3176 sorge,
688 3121 710 3161 et
730 3113 800 3175 repeti
831 3111 958 3177 providum
976 3112 1151 3161 imperatorem.
1178 3110 1257 3159 Scribe
1275 3110 1396 3175 versipelli

240 3182 331 3222 anteon.
832 3175 932 3229 debitori
946 3178 1021 3225 decern
1033 3176 1124 3225 tobalea
1135 3172 1305 3241 (syngraphas,
1317 3174 1395 3225 chiro·

273 3236 314 3293 62,
334 3239 374 3287 63.
396 3238 460 3289 Hrric
481 3258 522 3305 ego
539 3244 624 3306 vuigm
643 3240 800 3289 Emori—do·
833 3240 948 3305 graphas)
960 3240 998 3289 rel
1014 3239 1120 3298 all'erio,
1132 3239 1275 3289 loeneratore
1289 3237 1395 3288 callidis-

240 3302 300 3351 cebo.
330 3304 345 3353 J
348 3319 424 3368 unge:
440 3321 480 3370 ege
496 3308 575 3355 docebo
590 3316 699 3355 cunctum
715 3306 799 3367 origin
831 3306 900 3360 simo,
910 3312 1048 3370 conceptas,
1057 3311 1082 3353 et
1091 3312 1278 3353 contrsomnem
1287 3302 1395 3356 fraudem

240 3360 800 3477 qomncshominesflrroremimoairesimilem
832 3370 946 3426 munitas,
969 3372 1030 3433 (non
1057 3379 1090 3418 est
1111 3368 1200 3431 sotis;)
1223 3370 1282 3417 adde
1303 3378 1394 3419 rentum

249 3432 305 3488 ,uia
322 3430 352 3479 de
368 3449 416 3497 quo
432 3432 491 3493 dixi,
508 3438 591 3484 errari.
625 3436 732 3485 Sensus:
756 3450 800 3498 ego
833 3436 925 3484 rabirios
941 3433 1091 3483 foeneratoris
1105 3432 1191 3481 crates
1207 3433 1394 3496 ruminabo-

240 3492 374 3554 ostendam,
383 3513 465 3547 omnes
476 3498 584 3549 homines
591 3515 639 3547 non
650 3508 741 3547 certum
749 3514 800 3547 mo·
833 3515 885 3549 rum
897 3497 990 3564 laqueis
998 3496 1066 3563 quasi
1075 3496 1191 3563 nodisque
1201 3495 1314 3545 debitoris
1324 3496 1396 3549 fidem

239 3555 298 3607 dom
309 3562 517 3621 tenere,se‹lcum
528 3563 650 3621 excedere,
663 3562 801 3627 similesque
832 3562 1032 3628 constringentis,
1057 3578 1101 3610 nos
1122 3560 1256 3611 diceremus
1276 3560 1395 3625 ejusmodi

240 3630 282 3671 aut
297 3624 370 3673 stulte
387 3625 479 3683 timido,
491 3638 533 3677 cut
549 3643 604 3678 cnm
622 3628 701 3677 furore
715 3626 802 3677 audaci
833 3628 963 3684 bominem,
977 3629 1052 3683 naen,
1063 3629 1148 3675 dardis
1159 3624 1318 3690 Sciaidbrisse
1331 3629 1395 3677 recht

241 3684 331 3736 bomini
342 3690 424 3749 elicui,
439 3708 465 3742 se
479 3693 565 3741 stultos
579 3692 725 3756 insanosque
741 3707 801 3757 pra·
833 3709 863 3743 su
885 3693 1030 3741 verkiousetn
1053 3692 1166 3749 semein,-
1188 3688 1268 3757 lepide
1288 3692 1395 3741 nodotum

240 3748 304 3802 bere.
328 3754 551 3815 lmanireerrorem,
565 3756 646 3806 utini.
657 3757 736 3821 Epist.
748 3755 765 3813 i,
779 3758 801 3815 l,
836 3759 943 3807 Cicutam
974 3755 1043 3804 vertit
1067 3753 1179 3812 Vossius,
1203 3758 1248 3803 dea
1275 3754 1395 3805 Knocbers·

243 3816 298 3873 tot,
310 3818 413 3869 insanire
430 3822 546 3879 absonia,
562 3830 587 3871 et
603 3824 688 3871 Senes.
700 3820 732 3869 de
748 3819 802 3871 vit.
833 3819 962 3885 strickers)
974 3820 1037 3868 milis
1047 3820 1105 3868 edde
1117 3828 1217 3876 eeteros,
1227 3817 1293 3868 mille
1303 3818 1395 3870 cautio·

241 3876 313 3931 Beat.
327 3884 366 3940 12,
378 3886 481 3934 interire
491 3889 605 3935 insaniem
616 3888 723 3935 itteram.
835 3902 893 3936 num
919 3900 1014 3949 genera,
1037 3883 1135 3949 quibus,
1157 3892 1273 3949 tanquam
1299 3891 1396 3942 catena,

274 3945 306 3994 64
317 3962 371 4012 sqq.
389 3949 479 3999 Vanam
498 3951 636 4015 essc,quod
651 3948 726 3999 Stoici
742 3963 800 4002 con·
834 3949 944 4001 creditori
963 3948 1117 4013 obstringitur
1139 3946 1239 3997 debitor.
1273 3948 1304 3996 In
1326 3964 1395 3999 versu

242 4009 350 4069 tendunt,
363 4030 435 4062 mares
452 4016 549 4069 homines
565 4017 676 4072 insarrire,
687 4013 803 4079 exemplis
835 4016 864 4065 71
889 4014 959 4063 malas
980 4012 1035 4062 fidei
1057 4014 1150 4063 debitor
1169 4028 1222 4063 com
1281 4020 1319 4061 tur
1339 4028 1395 4063 cum

241 4076 393 4191 amitit?
410 4078 804 4207 ,ldtztttzttttait
835 4076 1395 4208 lt‘tnttittl‘itltti‘tt'ttt.

241 4200 283 4251 sed
294 4203 384 4254 insanit
394 4224 491 4273 qnoque
502 4209 523 4257 is
534 4208 577 4273 qui
594 4208 653 4257 mihi
674 4207 802 4272 pecorum
834 4210 937 4259 Plautus
946 4216 1018 4257 vooat
1029 4209 1176 4270 venipeiiem.

240 4266 271 4315 ad
290 4271 393 4319 carenda
414 4287 451 4331 ca,
472 4274 561 4339 quibus
582 4272 696 4329 delector,
715 4271 800 4323 credit.
867 4274 907 4322 72.
925 4269 1319 4322 Mciirridentemeiimis:locutio
1330 4272 1397 4321 maiis

242 4330 300 4390 Qui,
313 4334 378 4399 quod
389 4345 474 4403 sponte
484 4340 590 4389 oblatum
603 4338 800 4395 aethereos·
833 4340 915 4388 alienis
936 4340 1012 4386 ridere
1035 4336 1139 4385 multum
1163 4335 1252 4400 negotii
1274 4333 1397 4385 tacesovis

240 4396 328 4447 ditione
346 4404 476 4468 proposita,
493 4412 521 4453 nt
540 4418 663 4467 nunquam
680 4402 800 4460 reddatur,
834 4402 1014 4468 interpretibus,
1026 4416 1071 4451 nec
1086 4401 1214 4467 quisquam
1230 4414 1312 4449 eorum
1329 4414 1395 4448 corn-

240 4460 382 4527 repudiaret,
405 4483 447 4533 pro
473 4467 558 4519 insano
579 4466 713 4517 haberetur.
758 4467 801 4515 ln·
834 4467 991 4533 modnmejus
999 4466 1183 4532 explicationem
1191 4462 1280 4513 attulit.
1305 4464 1397 4515 Omnes

240 4524 338 4576 snoiunt
349 4530 511 4589 foeneratores,
523 4532 565 4608 qui
578 4531 704 4607 pecuniam
718 4530 744 4579 in
755 4530 801 4581 loe·
834 4540 974 4645 comparant
999 4532 1064 4598 γναθ
1083 4533 1121 4591 οῖς
1147 4531 1228 4597 prbis
1253 4528 1397 4596 ἀλλοτρίοις

241 4596 804 4727 ttttttittttiltttttt'tttttt
836 4593 1398 4713 limittit.tt·.².¹‘.ii⁷f...⁵tf¹.tttt

241 4725 305 4783 tione
316 4739 358 4789 per
373 4726 474 4793 scriptas
486 4725 581 4781 tabulas
592 4725 639 4778 sibi
651 4732 746 4783 cavent,
758 4724 804 4774 cir·
837 4727 896 4786 lato,
905 4725 1038 4794 §ardonico
1046 4743 1057 4805 q
1071 4724 1106 4789 sic
1124 4739 1174 4775 non
1190 4721 1251 4773 ridet
1265 4720 1344 4771 malus
1354 4722 1396 4773 de·
