3659 5892
538 1014 1023 1123 PRAEFATIO.

668 1346 903 1360 Ἢ

200 1552 373 1658 Qusuvrs
385 1566 423 1632 in
436 1565 585 1632 Horatio
597 1563 794 1650 explicando
809 1575 842 1630 et
862 1587 881 1629 a
900 1564 1106 1633 librariorum
1125 1569 1269 1654 peccatis
1283 1589 1363 1654 pur·

199 1687 310 1772 gando
330 1695 464 1751 tantum
482 1705 680 1768 unaquaque
698 1693 797 1750 astate
817 1685 960 1770 positum
978 1695 1031 1750 est
1050 1687 1205 1764 studium,
1221 1696 1258 1752 ut
1271 1687 1327 1751 vix
1342 1710 1362 1751 a

198 1805 292 1870 novis
303 1803 546 1890 interpretibus
558 1801 624 1867 dici
636 1811 669 1867 et
680 1800 822 1867 conferri
833 1802 957 1888 aliquid
968 1825 1066 1888 posse
1077 1813 1185 1890 putes,
1194 1805 1285 1890 quod
1296 1825 1365 1871 non

200 1923 327 1988 dictum
342 1933 378 1988 et
392 1919 547 1988 collatum
562 1920 605 1985 sit
619 1922 722 2006 prius,
738 1942 799 1986 nec
817 1921 1025 1986 librariorum
1038 1923 1154 1987 vitium
1172 1919 1307 2007 aliquod
1328 1923 1363 1987 in

105 2093 107 2096 .
200 2039 339 2107 Horatii
363 2048 472 2119 textu,
501 2061 600 2124 quem
624 2048 753 2118 vocant,
778 2038 928 2124 indagari
954 2049 990 2106 et
1014 2039 1084 2106 tolli
1109 2065 1207 2128 posse
1234 2041 1362 2120 credas,

201 2161 294 2246 quod
306 2181 377 2226 non
391 2159 582 2246 indagatum
595 2167 630 2222 et
644 2156 808 2222 sublatum
816 2159 886 2244 jam
901 2159 944 2223 sit
959 2160 1003 2225 ab
1017 2159 1106 2240 aliis;
1129 2171 1237 2226 tamen
1250 2169 1364 2226 nostra

202 2300 339 2365 quoque
361 2287 460 2343 oetatc
486 2276 625 2342 extitere
647 2273 722 2342 Viri
748 2275 848 2354 docti,
867 2277 927 2360 qui
951 2298 1067 2343 novam
1089 2277 1194 2345 lucem
1220 2277 1362 2345 Horatio

204 2395 429 2474 affamdereut,
441 2417 514 2474 nec,
526 2395 583 2480 qui
598 2415 682 2459 nova
695 2405 730 2459 et
743 2394 877 2460 meliora
892 2395 1042 2476 afferant,
1057 2397 1196 2483 posthac
1210 2399 1361 2465 deerunt.

206 2515 342 2581 Scilicet
364 2515 448 2580 alius
470 2515 568 2592 hanc,
592 2514 674 2578 alius
699 2512 794 2578 aliam
818 2514 852 2578 in
881 2515 1013 2580 edendo
1038 2514 1181 2582 Horatio
1206 2518 1363 2582 rationem

208 2645 342 2700 sacuam
367 2645 437 2699 cst:
460 2633 555 2712 elius,
571 2643 608 2697 ut
631 2631 823 2710 Lambinus,
838 2631 1046 2712 Torrentius,
1062 2633 1268 2711 Sanadonus,
1284 2646 1362 2699 cett.

209 2773 337 2817 omnem
363 2774 459 2838 paene
485 2753 520 2816 in
543 2761 651 2837 poetae
679 2750 848 2816 sententiis
871 2751 1006 2816 uberius
1030 2750 1249 2837 exponendis,
1275 2751 1371 2818 illus·

210 2871 348 2949 trandis,
364 2891 440 2935 cum
459 2869 617 2935 similibus
632 2877 778 2933 veterum
798 2868 993 2954 scriptorum
1014 2867 1095 2933 locis
1118 2871 1364 2956 componendis,

211 2987 261 3054 vel
274 3010 319 3054 ex
331 2987 472 3054 historia
486 2985 661 3052 dilucidius
682 2985 897 3070 explanandis
911 2985 1081 3052 collocavit
1094 3008 1245 3073 operam3
1268 2987 1363 3066 alius,

210 3116 247 3170 ut
259 3104 443 3185 Bentleius,
459 3105 729 3191 Cuninghamius,
745 3103 999 3183 Wakefieldius,
1014 3115 1092 3170 cett.
1108 3106 1204 3210 unice
1217 3106 1252 3170 in
1267 3120 1366 3192 poeta

211 3223 253 3288 ed
267 3233 373 3288 artem
386 3223 532 3290 criticum
548 3224 712 3310 exigendo
727 3233 874 3288 versatus
895 3233 965 3302 est;
988 3222 1081 3302 elius,
1098 3235 1135 3288 ut
1153 3221 1222 3290 iere
1237 3222 1366 3290 Gesne-

211 3365 278 3420 rus,
292 3351 470 3427 utrumque
484 3325 532 3407 ita
545 3343 726 3427 conjunxit,
742 3353 780 3407 ut
795 3363 855 3408 nec
869 3342 976 3406 textui
998 3343 1042 3408 ad
1062 3365 1207 3409 normam
1221 3343 1365 3410 criticam

211 3461 439 3539 examinando,
453 3483 513 3526 nec
529 3461 699 3526 sententiis
713 3456 976 3544 impeditioribus
990 3459 1205 3544 expediendis
1222 3461 1363 3528 deesset.

212 3579 322 3654 Quam
344 3579 477 3663 quidem
502 3579 661 3644 rationem
682 3578 907 3664 posteriorem,
923 3575 1014 3642 haud
1033 3577 1133 3644 dubie
1152 3577 1365 3658 utilissimam,

212 3698 329 3763 dextre
344 3717 477 3781 quoque
490 3697 636 3762 ineditis
652 3686 807 3761 Odarum¹
816 3694 907 3759 libris
922 3694 994 3760 iniit
1008 3693 1096 3773 dani,
1112 3697 1296 3781 nuperrime
1311 3721 1368 3764 au·

211 3827 278 3881 tem
291 3818 327 3880 in
340 3837 542 3881 communem
557 3814 689 3880 Horatii
701 3814 859 3880 lectorum
873 3815 1011 3900 gratiam
1025 3813 1089 3882 Vir
1103 3815 1366 3896 Eruditissimus‚

212 3928 504 4000 Mltscherlichius.
551 3932 618 4000 Sed
634 3955 707 3998 cum
720 3931 797 3997 duni
808 3928 914 3998 'editio
929 3930 1023 3998 Odas
1038 3943 1164 3998 tantum
1185 3933 1220 3999 in
1237 3933 1368 4000 duobus

212 4053 309 4117 tomis
332 4052 578 4138 complectatur,
593 4073 633 4118 ea
655 4061 774 4129 autem,
789 4051 824 4116 iu
844 4073 910 4136 qua
932 4049 1138 4137 profliganda
1156 4055 1369 4120 cummaxime

212 4147 393 4254 occupatur
404 4181 500 4236 vetus
514 4187 605 4236 meus
622 4167 741 4234 sodalis
756 4179 790 4235 et
805 4170 927 4235 amicus
941 4158 1233 4250 Mitscberlichius,
1245 4173 1288 4236 ad
1303 4183 1369 4237 tam

213 4288 423 4375 splendidum
443 4309 528 4374 opus
547 4297 727 4366 excrescat,
747 4299 785 4353 ut
805 4289 920 4374 paucis
944 4289 988 4353 ad
1008 4288 1089 4354 illud
1102 4290 1165 4354 sibi
1179 4311 1370 4374 comparan-

212 4410 289 4474 dum
312 4431 367 4474 res
392 4415 571 4492 suppetere
585 4407 752 4486 videatur,
775 4407 983 4472 desideratur
995 4407 1116 4486 adhuc,
1135 4431 1210 4492 quoe
1228 4405 1370 4492 plurium

210 4527 369 4594 lectorum
393 4525 579 4592 rationibus
597 4525 839 4592 accommodata
855 4526 908 4603 sit,
924 4525 1037 4591 editio.
1082 4525 1166 4590 Cum
1180 4523 1280 4610 igitur
1295 4536 1370 4590 ante

207 4659 272 4714 tres
299 4667 410 4714 annos
439 4641 508 4710 Vir
528 4641 796 4722 Honestissimus,
822 4641 1001 4727 bibliopola
1025 4642 1219 4729 Lipsiensis,
1244 4641 1373 4728 Caspar

785 4763 808 4826 b
