<?xml version="1.0" encoding="UTF-8"?>
<!DOCTYPE html PUBLIC "-//W3C//DTD XHTML 1.0 Transitional//EN"
    "http://www.w3.org/TR/xhtml1/DTD/xhtml1-transitional.dtd">
<html xmlns="http://www.w3.org/1999/xhtml" xml:lang="en" lang="en">
 <head>
  <title>
</title>
<meta http-equiv="Content-Type" content="text/html;charset=utf-8" />
  <meta name='ocr-system' content='tesseract 3.04.00' />
  <meta name='ocr-capabilities' content='ocr_page ocr_carea ocr_par ocr_line ocrx_word'/>
</head>
<body>
  <div class='ocr_page' id='page_1' title='image "./qhoratiiflaccio01drgoog_0022.png"; bbox 0 0 3659 5892; ppageno 0'>
   <div class='ocr_carea' id='block_1_1' title="bbox 815 1005 1294 1110">
    <p class='ocr_par' dir='ltr' id='par_1_1' title="bbox 815 1005 1294 1110">
     <span class='ocr_line' id='line_1_1' title="bbox 815 1005 1294 1110; baseline 0.004 -4"><span class='ocrx_word' id='word_1_1' title='bbox 815 1005 1294 1110; x_wconf 87' lang='lat' dir='ltr'><strong>PRAEFATIO</strong></span> 
     </span>
    </p>
   </div>
   <div class='ocr_carea' id='block_1_2' title="bbox 857 1314 1260 1370">
    <p class='ocr_par' dir='ltr' id='par_1_2' title="bbox 857 1314 1260 1370">
     <span class='ocr_line' id='line_1_2' title="bbox 857 1314 1260 1370; baseline 0.002 -3"><span class='ocrx_word' id='word_1_2' title='bbox 857 1314 1046 1369; x_wconf 79' lang='lat' dir='ltr'><strong>EDl&#39;l’IONlS</strong></span> <span class='ocrx_word' id='word_1_3' title='bbox 1063 1315 1260 1370; x_wconf 78' lang='lat' dir='ltr'><strong>SECUNDAE.</strong></span> 
     </span>
    </p>
   </div>
   <div class='ocr_carea' id='block_1_3' title="bbox 427 1866 1642 4670">
    <p class='ocr_par' dir='ltr' id='par_1_3' title="bbox 479 1866 1642 2898">
     <span class='ocr_line' id='line_1_3' title="bbox 481 1866 1637 1955; baseline 0 -19"><span class='ocrx_word' id='word_1_4' title='bbox 481 1872 560 1937; x_wconf 87' lang='lat' dir='ltr'><strong>Cuu</strong></span> <span class='ocrx_word' id='word_1_5' title='bbox 576 1868 739 1935; x_wconf 88' lang='lat' dir='ltr'><strong>secundus</strong></span> <span class='ocrx_word' id='word_1_6' title='bbox 754 1877 860 1933; x_wconf 90' lang='lat' dir='ltr'><strong>tomus</strong></span> <span class='ocrx_word' id='word_1_7' title='bbox 876 1866 1019 1947; x_wconf 79' lang='lat' dir='ltr'><strong>Horatii,</strong></span> <span class='ocrx_word' id='word_1_8' title='bbox 1035 1890 1132 1953; x_wconf 90' lang='lat' dir='ltr'><strong>quem</strong></span> <span class='ocrx_word' id='word_1_9' title='bbox 1151 1879 1226 1935; x_wconf 87' lang='lat' dir='ltr'><strong>ante</strong></span> <span class='ocrx_word' id='word_1_10' title='bbox 1241 1882 1381 1955; x_wconf 83' lang='lat' dir='ltr'><strong>quatuor</strong></span> <span class='ocrx_word' id='word_1_11' title='bbox 1396 1872 1516 1938; x_wconf 81' lang='lat' dir='ltr'>abhinc</span> <span class='ocrx_word' id='word_1_12' title='bbox 1531 1894 1637 1938; x_wconf 87' lang='lat' dir='ltr'><strong>anuos</strong></span> 
     </span>
     <span class='ocr_line' id='line_1_4' title="bbox 480 1987 1638 2075; baseline -0.001 -20"><span class='ocrx_word' id='word_1_13' title='bbox 480 1988 644 2056; x_wconf 90' lang='lat' dir='ltr'><strong>edendum</strong></span> <span class='ocrx_word' id='word_1_14' title='bbox 666 1987 787 2063; x_wconf 84' lang='lat' dir='ltr'><strong>curari,</strong></span> <span class='ocrx_word' id='word_1_15' title='bbox 812 1987 845 2050; x_wconf 94' lang='lat' dir='ltr'><strong>in</strong></span> <span class='ocrx_word' id='word_1_16' title='bbox 868 1987 1013 2051; x_wconf 74' lang='lat' dir='ltr'><strong>tabernis</strong></span> <span class='ocrx_word' id='word_1_17' title='bbox 1036 1987 1177 2052; x_wconf 89' lang='lat' dir='ltr'><strong>librariis</strong></span> <span class='ocrx_word' id='word_1_18' title='bbox 1201 1997 1349 2072; x_wconf 78' lang='lat' dir='ltr'><strong>prostare</strong></span> <span class='ocrx_word' id='word_1_19' title='bbox 1375 1990 1531 2069; x_wconf 80' lang='lat' dir='ltr'><strong>desierit;</strong></span> <span class='ocrx_word' id='word_1_20' title='bbox 1563 1990 1638 2075; x_wconf 85' lang='lat' dir='ltr'><strong>ejus</strong></span> 
     </span>
     <span class='ocr_line' id='line_1_5' title="bbox 480 2104 1642 2194; baseline 0.003 -23"><span class='ocrx_word' id='word_1_21' title='bbox 480 2107 643 2172; x_wconf 83' lang='lat' dir='ltr'><strong>redemtor</strong></span> <span class='ocrx_word' id='word_1_22' title='bbox 666 2106 832 2183; x_wconf 88' lang='lat' dir='ltr'><strong>Hahnius,</strong></span> <span class='ocrx_word' id='word_1_23' title='bbox 859 2104 922 2170; x_wconf 86' lang='lat' dir='ltr'><strong>Vir</strong></span> <span class='ocrx_word' id='word_1_24' title='bbox 949 2104 1220 2183; x_wconf 89' lang='lat' dir='ltr'><strong>Honestissimus,</strong></span> <span class='ocrx_word' id='word_1_25' title='bbox 1249 2115 1287 2170; x_wconf 91' lang='lat' dir='ltr'><strong>ut</strong></span> <span class='ocrx_word' id='word_1_26' title='bbox 1311 2105 1412 2185; x_wconf 90' lang='lat' dir='ltr'><strong>illum,</strong></span> <span class='ocrx_word' id='word_1_27' title='bbox 1437 2108 1481 2172; x_wconf 90' lang='lat' dir='ltr'><strong>de</strong></span> <span class='ocrx_word' id='word_1_28' title='bbox 1507 2107 1642 2194; x_wconf 81' lang='lat' dir='ltr'><strong>integro</strong></span> 
     </span>
     <span class='ocr_line' id='line_1_6' title="bbox 479 2223 1637 2310; baseline 0.003 -23"><span class='ocrx_word' id='word_1_29' title='bbox 479 2225 567 2310; x_wconf 88' lang='lat' dir='ltr'><strong>typis</strong></span> <span class='ocrx_word' id='word_1_30' title='bbox 591 2223 853 2301; x_wconf 89' lang='lat' dir='ltr'><strong>describendum,</strong></span> <span class='ocrx_word' id='word_1_31' title='bbox 873 2244 1151 2308; x_wconf 82' lang='lat' dir='ltr'><strong>recognoscerem,</strong></span> <span class='ocrx_word' id='word_1_32' title='bbox 1167 2233 1212 2301; x_wconf 89' lang='lat' dir='ltr'><strong>et,</strong></span> <span class='ocrx_word' id='word_1_33' title='bbox 1233 2235 1391 2308; x_wconf 87' lang='lat' dir='ltr'><strong>quantum</strong></span> <span class='ocrx_word' id='word_1_34' title='bbox 1412 2225 1487 2290; x_wconf 87' lang='lat' dir='ltr'><strong>fieri</strong></span> <span class='ocrx_word' id='word_1_35' title='bbox 1508 2236 1637 2310; x_wconf 89' lang='lat' dir='ltr'><strong>posset,</strong></span> 
     </span>
     <span class='ocr_line' id='line_1_7' title="bbox 480 2331 1638 2429; baseline 0.003 -23"><span class='ocrx_word' id='word_1_36' title='bbox 480 2343 732 2408; x_wconf 83' lang='lat' dir='ltr'><strong>emendatiorem</strong></span> <span class='ocrx_word' id='word_1_37' title='bbox 754 2353 788 2408; x_wconf 86' lang='lat' dir='ltr'><strong>et</strong></span> <span class='ocrx_word' id='word_1_38' title='bbox 808 2341 1000 2408; x_wconf 88' lang='lat' dir='ltr'><strong>limatiorem</strong></span> <span class='ocrx_word' id='word_1_39' title='bbox 1022 2341 1205 2420; x_wconf 86' lang='lat' dir='ltr'><strong>redderem,</strong></span> <span class='ocrx_word' id='word_1_40' title='bbox 1224 2364 1277 2407; x_wconf 88' lang='lat' dir='ltr'><strong>me</strong></span> <span class='ocrx_word' id='word_1_41' title='bbox 1296 2343 1423 2427; x_wconf 87' lang='lat' dir='ltr'><strong>rogavit</strong></span> <span class='ocrx_word' id='word_1_42' title='bbox 1442 2352 1477 2407; x_wconf 88' lang='lat' dir='ltr'><strong>et</strong></span> <span class='ocrx_word' id='word_1_43' title='bbox 1495 2331 1638 2429; x_wconf 86' lang='lat' dir='ltr'><strong>impulit.</strong></span> 
     </span>
     <span class='ocr_line' id='line_1_8' title="bbox 481 2459 1638 2545; baseline 0.003 -22"><span class='ocrx_word' id='word_1_44' title='bbox 481 2459 590 2533; x_wconf 82' lang='lat' dir='ltr'><strong>Quam</strong></span> <span class='ocrx_word' id='word_1_45' title='bbox 605 2460 736 2544; x_wconf 89' lang='lat' dir='ltr'><strong>quidem</strong></span> <span class='ocrx_word' id='word_1_46' title='bbox 748 2459 976 2524; x_wconf 87' lang='lat' dir='ltr'><strong>demandatam</strong></span> <span class='ocrx_word' id='word_1_47' title='bbox 989 2460 1188 2543; x_wconf 85' lang='lat' dir='ltr'><strong>provinciam</strong></span> <span class='ocrx_word' id='word_1_48' title='bbox 1200 2460 1330 2545; x_wconf 87' lang='lat' dir='ltr'><strong>suscepi</strong></span> <span class='ocrx_word' id='word_1_49' title='bbox 1339 2482 1403 2545; x_wconf 85' lang='lat' dir='ltr'><strong>ego</strong></span> <span class='ocrx_word' id='word_1_50' title='bbox 1416 2463 1638 2545; x_wconf 88' lang='lat' dir='ltr'><strong>promtissimo</strong></span> 
     </span>
     <span class='ocr_line' id='line_1_9' title="bbox 480 2577 1640 2662; baseline 0.003 -22"><span class='ocrx_word' id='word_1_51' title='bbox 480 2577 750 2662; x_wconf 79' lang='lat' dir='ltr'><strong>paratissimoque</strong></span> <span class='ocrx_word' id='word_1_52' title='bbox 770 2579 886 2642; x_wconf 87' lang='lat' dir='ltr'><strong>animo.</strong></span> <span class='ocrx_word' id='word_1_53' title='bbox 941 2577 997 2642; x_wconf 88' lang='lat' dir='ltr'><strong>Sic</strong></span> <span class='ocrx_word' id='word_1_54' title='bbox 1019 2579 1106 2642; x_wconf 90' lang='lat' dir='ltr'><strong>enim</strong></span> <span class='ocrx_word' id='word_1_55' title='bbox 1125 2601 1175 2655; x_wconf 82' lang='lat' dir='ltr'><strong>ea,</strong></span> <span class='ocrx_word' id='word_1_56' title='bbox 1193 2579 1229 2642; x_wconf 88' lang='lat' dir='ltr'><strong>in</strong></span> <span class='ocrx_word' id='word_1_57' title='bbox 1247 2580 1367 2662; x_wconf 92' lang='lat' dir='ltr'><strong>quibus</strong></span> <span class='ocrx_word' id='word_1_58' title='bbox 1383 2601 1436 2643; x_wconf 93' lang='lat' dir='ltr'><strong>me</strong></span> <span class='ocrx_word' id='word_1_59' title='bbox 1454 2600 1584 2644; x_wconf 86' lang='lat' dir='ltr'><strong>errasse</strong></span> <span class='ocrx_word' id='word_1_60' title='bbox 1603 2589 1640 2644; x_wconf 91' lang='lat' dir='ltr'><strong>et</strong></span> 
     </span>
     <span class='ocr_line' id='line_1_10' title="bbox 481 2695 1638 2782; baseline 0.003 -24"><span class='ocrx_word' id='word_1_61' title='bbox 481 2696 552 2780; x_wconf 89' lang='lat' dir='ltr'><strong>ipse</strong></span> <span class='ocrx_word' id='word_1_62' title='bbox 561 2696 790 2762; x_wconf 83' lang='lat' dir='ltr'><strong>intellexeram</strong></span> <span class='ocrx_word' id='word_1_63' title='bbox 812 2707 845 2761; x_wconf 90' lang='lat' dir='ltr'><strong>et</strong></span> <span class='ocrx_word' id='word_1_64' title='bbox 865 2695 919 2760; x_wconf 92' lang='lat' dir='ltr'><strong>alii</strong></span> <span class='ocrx_word' id='word_1_65' title='bbox 934 2707 1135 2775; x_wconf 88' lang='lat' dir='ltr'><strong>monuerant,</strong></span> <span class='ocrx_word' id='word_1_66' title='bbox 1150 2707 1208 2761; x_wconf 86' lang='lat' dir='ltr'><strong>aut</strong></span> <span class='ocrx_word' id='word_1_67' title='bbox 1221 2695 1356 2760; x_wconf 89' lang='lat' dir='ltr'><strong>tollendi</strong></span> <span class='ocrx_word' id='word_1_68' title='bbox 1370 2706 1428 2760; x_wconf 90' lang='lat' dir='ltr'><strong>sut</strong></span> <span class='ocrx_word' id='word_1_69' title='bbox 1443 2696 1638 2782; x_wconf 87' lang='lat' dir='ltr'><strong>diffingendi</strong></span> 
     </span>
     <span class='ocr_line' id='line_1_11' title="bbox 480 2813 1165 2898; baseline -0.001 -19"><span class='ocrx_word' id='word_1_70' title='bbox 480 2815 609 2879; x_wconf 82' lang='lat' dir='ltr'><strong>occasio</strong></span> <span class='ocrx_word' id='word_1_71' title='bbox 623 2814 702 2878; x_wconf 90' lang='lat' dir='ltr'><strong>milri</strong></span> <span class='ocrx_word' id='word_1_72' title='bbox 717 2813 826 2878; x_wconf 85' lang='lat' dir='ltr'><strong>oblata</strong></span> <span class='ocrx_word' id='word_1_73' title='bbox 841 2823 892 2878; x_wconf 86' lang='lat' dir='ltr'><strong>eat</strong></span> <span class='ocrx_word' id='word_1_74' title='bbox 906 2815 1165 2898; x_wconf 78' lang='lat' dir='ltr'><strong>exoptatissima.</strong></span> 
     </span>
    </p>

    <p class='ocr_par' dir='ltr' id='par_1_4' title="bbox 427 2931 1640 4670">
     <span class='ocr_line' id='line_1_12' title="bbox 524 2931 1631 3018; baseline 0 -22"><span class='ocrx_word' id='word_1_75' title='bbox 524 2931 590 2997; x_wconf 89' lang='lat' dir='ltr'><strong>Hic</strong></span> <span class='ocrx_word' id='word_1_76' title='bbox 624 2941 732 2995; x_wconf 90' lang='lat' dir='ltr'><strong>autem</strong></span> <span class='ocrx_word' id='word_1_77' title='bbox 768 2951 834 2994; x_wconf 88' lang='lat' dir='ltr'><strong>non</strong></span> <span class='ocrx_word' id='word_1_78' title='bbox 862 2953 1008 3015; x_wconf 86' lang='lat' dir='ltr'><strong>possum,</strong></span> <span class='ocrx_word' id='word_1_79' title='bbox 1038 2933 1118 3015; x_wconf 91' lang='lat' dir='ltr'><strong>quin</strong></span> <span class='ocrx_word' id='word_1_80' title='bbox 1153 2943 1229 2998; x_wconf 84' lang='lat' dir='ltr'><strong>ante</strong></span> <span class='ocrx_word' id='word_1_81' title='bbox 1265 2934 1373 2998; x_wconf 90' lang='lat' dir='ltr'><strong>omnia</strong></span> <span class='ocrx_word' id='word_1_82' title='bbox 1408 2931 1631 3018; x_wconf 87' lang='lat' dir='ltr'><strong>gratissimum</strong></span> 
     </span>
     <span class='ocr_line' id='line_1_13' title="bbox 480 3047 1636 3133; baseline -0.002 -17"><span class='ocrx_word' id='word_1_83' title='bbox 480 3052 621 3116; x_wconf 88' lang='lat' dir='ltr'><strong>animum</strong></span> <span class='ocrx_word' id='word_1_84' title='bbox 635 3047 791 3114; x_wconf 86' lang='lat' dir='ltr'><strong>testificer</strong></span> <span class='ocrx_word' id='word_1_85' title='bbox 805 3049 845 3112; x_wconf 91' lang='lat' dir='ltr'><strong>iis</strong></span> <span class='ocrx_word' id='word_1_86' title='bbox 861 3049 953 3114; x_wconf 90' lang='lat' dir='ltr'><strong>Viris</strong></span> <span class='ocrx_word' id='word_1_87' title='bbox 976 3049 1106 3126; x_wconf 91' lang='lat' dir='ltr'><strong>Doctis,</strong></span> <span class='ocrx_word' id='word_1_88' title='bbox 1130 3047 1198 3133; x_wconf 88' lang='lat' dir='ltr'><strong>qui,</strong></span> <span class='ocrx_word' id='word_1_89' title='bbox 1222 3052 1281 3116; x_wconf 93' lang='lat' dir='ltr'><strong>ubi</strong></span> <span class='ocrx_word' id='word_1_90' title='bbox 1304 3075 1326 3116; x_wconf 89' lang='lat' dir='ltr'><strong>a</strong></span> <span class='ocrx_word' id='word_1_91' title='bbox 1347 3075 1399 3117; x_wconf 91' lang='lat' dir='ltr'><strong>me</strong></span> <span class='ocrx_word' id='word_1_92' title='bbox 1425 3051 1636 3127; x_wconf 88' lang='lat' dir='ltr'><strong>dissentiunt,</strong></span> 
     </span>
     <span class='ocr_line' id='line_1_14' title="bbox 480 3167 1640 3254; baseline -0.001 -20"><span class='ocrx_word' id='word_1_93' title='bbox 480 3168 531 3234; x_wconf 81' lang='lat' dir='ltr'><strong>vel</strong></span> <span class='ocrx_word' id='word_1_94' title='bbox 553 3170 612 3234; x_wconf 90' lang='lat' dir='ltr'><strong>ubi</strong></span> <span class='ocrx_word' id='word_1_95' title='bbox 634 3188 772 3246; x_wconf 83' lang='lat' dir='ltr'><strong>errores,</strong></span> <span class='ocrx_word' id='word_1_96' title='bbox 797 3167 916 3252; x_wconf 88' lang='lat' dir='ltr'><strong>quibus</strong></span> <span class='ocrx_word' id='word_1_97' title='bbox 939 3189 1035 3233; x_wconf 89' lang='lat' dir='ltr'><strong>nemo</strong></span> <span class='ocrx_word' id='word_1_98' title='bbox 1057 3191 1123 3232; x_wconf 92' lang='lat' dir='ltr'><strong>non</strong></span> <span class='ocrx_word' id='word_1_99' title='bbox 1145 3169 1307 3234; x_wconf 85' lang='lat' dir='ltr'><strong>obnoxius</strong></span> <span class='ocrx_word' id='word_1_100' title='bbox 1330 3179 1392 3248; x_wconf 89' lang='lat' dir='ltr'><strong>est,</strong></span> <span class='ocrx_word' id='word_1_101' title='bbox 1409 3167 1640 3254; x_wconf 80' lang='lat' dir='ltr'><strong>deprehende-</strong></span> 
     </span>
     <span class='ocr_line' id='line_1_15' title="bbox 479 3285 1637 3371; baseline -0.002 -19"><span class='ocrx_word' id='word_1_102' title='bbox 479 3289 570 3365; x_wconf 90' lang='lat' dir='ltr'><strong>bant,</strong></span> <span class='ocrx_word' id='word_1_103' title='bbox 594 3309 660 3351; x_wconf 91' lang='lat' dir='ltr'><strong>non</strong></span> <span class='ocrx_word' id='word_1_104' title='bbox 683 3286 791 3352; x_wconf 83' lang='lat' dir='ltr'><strong>feroce</strong></span> <span class='ocrx_word' id='word_1_105' title='bbox 814 3285 923 3371; x_wconf 79' lang='lat' dir='ltr'><strong>aliqua</strong></span> <span class='ocrx_word' id='word_1_106' title='bbox 948 3285 1157 3363; x_wconf 86' lang='lat' dir='ltr'><strong>confidentia,</strong></span> <span class='ocrx_word' id='word_1_107' title='bbox 1180 3307 1247 3351; x_wconf 90' lang='lat' dir='ltr'><strong>non</strong></span> <span class='ocrx_word' id='word_1_108' title='bbox 1270 3288 1413 3371; x_wconf 90' lang='lat' dir='ltr'><strong>superba</strong></span> <span class='ocrx_word' id='word_1_109' title='bbox 1438 3287 1637 3371; x_wconf 86' lang='lat' dir='ltr'><strong>arrogantia,</strong></span> 
     </span>
     <span class='ocr_line' id='line_1_16' title="bbox 481 3403 1638 3490; baseline 0.002 -22"><span class='ocrx_word' id='word_1_110' title='bbox 481 3405 540 3470; x_wconf 88' lang='lat' dir='ltr'><strong>sed</strong></span> <span class='ocrx_word' id='word_1_111' title='bbox 563 3406 693 3471; x_wconf 89' lang='lat' dir='ltr'><strong>amabili</strong></span> <span class='ocrx_word' id='word_1_112' title='bbox 711 3406 871 3472; x_wconf 86' lang='lat' dir='ltr'><strong>modestia</strong></span> <span class='ocrx_word' id='word_1_113' title='bbox 888 3415 922 3471; x_wconf 91' lang='lat' dir='ltr'><strong>et</strong></span> <span class='ocrx_word' id='word_1_114' title='bbox 938 3405 1058 3490; x_wconf 88' lang='lat' dir='ltr'><strong>insigni</strong></span> <span class='ocrx_word' id='word_1_115' title='bbox 1081 3405 1293 3482; x_wconf 85' lang='lat' dir='ltr'><strong>humanitate,</strong></span> <span class='ocrx_word' id='word_1_116' title='bbox 1307 3427 1382 3488; x_wconf 81' lang='lat' dir='ltr'><strong>quoe</strong></span> <span class='ocrx_word' id='word_1_117' title='bbox 1402 3404 1499 3469; x_wconf 88' lang='lat' dir='ltr'><strong>decet</strong></span> <span class='ocrx_word' id='word_1_118' title='bbox 1516 3403 1638 3470; x_wconf 82' lang='lat' dir='ltr'><strong>libera-</strong></span> 
     </span>
     <span class='ocr_line' id='line_1_17' title="bbox 479 3521 1637 3611; baseline 0.003 -25"><span class='ocrx_word' id='word_1_119' title='bbox 479 3522 558 3587; x_wconf 89' lang='lat' dir='ltr'><strong>lium</strong></span> <span class='ocrx_word' id='word_1_120' title='bbox 573 3526 690 3590; x_wconf 89' lang='lat' dir='ltr'><strong>artium</strong></span> <span class='ocrx_word' id='word_1_121' title='bbox 705 3525 919 3611; x_wconf 85' lang='lat' dir='ltr'><strong>professores,</strong></span> <span class='ocrx_word' id='word_1_122' title='bbox 935 3523 1118 3588; x_wconf 90' lang='lat' dir='ltr'><strong>dissensum</strong></span> <span class='ocrx_word' id='word_1_123' title='bbox 1141 3545 1235 3587; x_wconf 91' lang='lat' dir='ltr'><strong>suum</strong></span> <span class='ocrx_word' id='word_1_124' title='bbox 1256 3521 1308 3586; x_wconf 87' lang='lat' dir='ltr'><strong>vel</strong></span> <span class='ocrx_word' id='word_1_125' title='bbox 1326 3542 1474 3586; x_wconf 89' lang='lat' dir='ltr'><strong>errorum</strong></span> <span class='ocrx_word' id='word_1_126' title='bbox 1491 3523 1637 3590; x_wconf 90' lang='lat' dir='ltr'><strong>animad-</strong></span> 
     </span>
     <span class='ocr_line' id='line_1_18' title="bbox 480 3638 1634 3728; baseline 0 -22"><span class='ocrx_word' id='word_1_127' title='bbox 480 3643 644 3707; x_wconf 86' lang='lat' dir='ltr'><strong>versiones</strong></span> <span class='ocrx_word' id='word_1_128' title='bbox 662 3652 914 3728; x_wconf 86' lang='lat' dir='ltr'><strong>proposuerunt.</strong></span> <span class='ocrx_word' id='word_1_129' title='bbox 960 3641 1002 3705; x_wconf 94' lang='lat' dir='ltr'><strong>In</strong></span> <span class='ocrx_word' id='word_1_130' title='bbox 1020 3641 1072 3704; x_wconf 90' lang='lat' dir='ltr'><strong>his</strong></span> <span class='ocrx_word' id='word_1_131' title='bbox 1086 3651 1139 3705; x_wconf 92' lang='lat' dir='ltr'><strong>est</strong></span> <span class='ocrx_word' id='word_1_132' title='bbox 1152 3641 1215 3706; x_wconf 93' lang='lat' dir='ltr'><strong>Vir</strong></span> <span class='ocrx_word' id='word_1_133' title='bbox 1228 3638 1435 3704; x_wconf 83' lang='lat' dir='ltr'><strong>Clarissimus</strong></span> <span class='ocrx_word' id='word_1_134' title='bbox 1451 3639 1634 3721; x_wconf 91' lang='lat' dir='ltr'><strong>Obbarius,</strong></span> 
     </span>
     <span class='ocr_line' id='line_1_19' title="bbox 480 3742 1636 3844; baseline 0.003 -22"><span class='ocrx_word' id='word_1_135' title='bbox 480 3761 537 3844; x_wconf 91' lang='lat' dir='ltr'><strong>qui</strong></span> <span class='ocrx_word' id='word_1_136' title='bbox 558 3760 592 3823; x_wconf 90' lang='lat' dir='ltr'><strong>in</strong></span> <span class='ocrx_word' id='word_1_137' title='bbox 615 3742 826 3844; x_wconf 84' lang='lat' dir='ltr'><strong>dijudicando</strong></span> <span class='ocrx_word' id='word_1_138' title='bbox 847 3760 911 3825; x_wconf 92' lang='lat' dir='ltr'><strong>hoc</strong></span> <span class='ocrx_word' id='word_1_139' title='bbox 934 3770 1023 3824; x_wconf 91' lang='lat' dir='ltr'><strong>tomo</strong></span> <span class='ocrx_word' id='word_1_140' title='bbox 1046 3758 1179 3824; x_wconf 89' lang='lat' dir='ltr'><strong>Horatii</strong></span> <span class='ocrx_word' id='word_1_141' title='bbox 1198 3759 1344 3824; x_wconf 86' lang='lat' dir='ltr'><strong>secundo</strong></span> <span class='ocrx_word' id='word_1_142' title='bbox 1357 3781 1424 3824; x_wconf 91' lang='lat' dir='ltr'><strong>non</strong></span> <span class='ocrx_word' id='word_1_143' title='bbox 1439 3758 1543 3824; x_wconf 89' lang='lat' dir='ltr'><strong>solum</strong></span> <span class='ocrx_word' id='word_1_144' title='bbox 1558 3760 1636 3826; x_wconf 91' lang='lat' dir='ltr'><strong>doc-</strong></span> 
     </span>
     <span class='ocr_line' id='line_1_20' title="bbox 480 3875 1636 3963; baseline 0.002 -22"><span class='ocrx_word' id='word_1_145' title='bbox 480 3877 585 3955; x_wconf 84' lang='lat' dir='ltr'><strong>trinae,</strong></span> <span class='ocrx_word' id='word_1_146' title='bbox 601 3899 666 3962; x_wconf 89' lang='lat' dir='ltr'><strong>qua</strong></span> <span class='ocrx_word' id='word_1_147' title='bbox 688 3879 829 3957; x_wconf 86' lang='lat' dir='ltr'><strong>excellit,</strong></span> <span class='ocrx_word' id='word_1_148' title='bbox 853 3878 965 3963; x_wconf 87' lang='lat' dir='ltr'><strong>copias</strong></span> <span class='ocrx_word' id='word_1_149' title='bbox 988 3877 1023 3940; x_wconf 93' lang='lat' dir='ltr'><strong>in</strong></span> <span class='ocrx_word' id='word_1_150' title='bbox 1040 3877 1184 3942; x_wconf 90' lang='lat' dir='ltr'><strong>medium</strong></span> <span class='ocrx_word' id='word_1_151' title='bbox 1199 3877 1337 3962; x_wconf 87' lang='lat' dir='ltr'><strong>protulit</strong></span> <span class='ocrx_word' id='word_1_152' title='bbox 1350 3875 1558 3956; x_wconf 84' lang='lat' dir='ltr'><strong>lautissimas,</strong></span> <span class='ocrx_word' id='word_1_153' title='bbox 1575 3879 1636 3944; x_wconf 90' lang='lat' dir='ltr'><strong>sed</strong></span> 
     </span>
     <span class='ocr_line' id='line_1_21' title="bbox 479 3994 1634 4080; baseline 0 -19"><span class='ocrx_word' id='word_1_154' title='bbox 479 3996 577 4061; x_wconf 87' lang='lat' dir='ltr'><strong>etiam</strong></span> <span class='ocrx_word' id='word_1_155' title='bbox 591 3997 742 4076; x_wconf 89' lang='lat' dir='ltr'><strong>animum,</strong></span> <span class='ocrx_word' id='word_1_156' title='bbox 757 4018 823 4080; x_wconf 93' lang='lat' dir='ltr'><strong>quo</strong></span> <span class='ocrx_word' id='word_1_157' title='bbox 843 3996 979 4080; x_wconf 78' lang='lat' dir='ltr'><strong>regitur,</strong></span> <span class='ocrx_word' id='word_1_158' title='bbox 999 3994 1151 4080; x_wconf 88' lang='lat' dir='ltr'><strong>probavit</strong></span> <span class='ocrx_word' id='word_1_159' title='bbox 1169 3994 1429 4059; x_wconf 85' lang='lat' dir='ltr'><strong>liberalissimum</strong></span> <span class='ocrx_word' id='word_1_160' title='bbox 1447 4005 1482 4061; x_wconf 91' lang='lat' dir='ltr'><strong>et</strong></span> <span class='ocrx_word' id='word_1_161' title='bbox 1500 3996 1534 4060; x_wconf 91' lang='lat' dir='ltr'><strong>in</strong></span> <span class='ocrx_word' id='word_1_162' title='bbox 1553 3997 1634 4061; x_wconf 86' lang='lat' dir='ltr'><strong>slios</strong></span> 
     </span>
     <span class='ocr_line' id='line_1_22' title="bbox 480 4111 1634 4199; baseline 0 -21"><span class='ocrx_word' id='word_1_163' title='bbox 480 4115 710 4199; x_wconf 76' lang='lat' dir='ltr'><strong>aequissimum.</strong></span> <span class='ocrx_word' id='word_1_164' title='bbox 756 4113 909 4178; x_wconf 90' lang='lat' dir='ltr'><strong>Eundem</strong></span> <span class='ocrx_word' id='word_1_165' title='bbox 932 4113 1043 4198; x_wconf 87' lang='lat' dir='ltr'><strong>igitur,</strong></span> <span class='ocrx_word' id='word_1_166' title='bbox 1066 4112 1125 4176; x_wconf 90' lang='lat' dir='ltr'><strong>ubi</strong></span> <span class='ocrx_word' id='word_1_167' title='bbox 1145 4113 1180 4176; x_wconf 89' lang='lat' dir='ltr'><strong>in</strong></span> <span class='ocrx_word' id='word_1_168' title='bbox 1202 4111 1266 4178; x_wconf 85' lang='lat' dir='ltr'><strong>hac</strong></span> <span class='ocrx_word' id='word_1_169' title='bbox 1288 4135 1373 4178; x_wconf 84' lang='lat' dir='ltr'><strong>nora</strong></span> <span class='ocrx_word' id='word_1_170' title='bbox 1395 4115 1474 4178; x_wconf 89' lang='lat' dir='ltr'><strong>tomi</strong></span> <span class='ocrx_word' id='word_1_171' title='bbox 1497 4114 1634 4180; x_wconf 88' lang='lat' dir='ltr'><strong>secundi</strong></span> 
     </span>
     <span class='ocr_line' id='line_1_23' title="bbox 480 4231 1634 4316; baseline -0.003 -18"><span class='ocrx_word' id='word_1_172' title='bbox 480 4233 668 4298; x_wconf 89' lang='lat' dir='ltr'><strong>recensione</strong></span> <span class='ocrx_word' id='word_1_173' title='bbox 683 4253 703 4294; x_wconf 88' lang='lat' dir='ltr'><strong>a</strong></span> <span class='ocrx_word' id='word_1_174' title='bbox 717 4253 768 4296; x_wconf 92' lang='lat' dir='ltr'><strong>me</strong></span> <span class='ocrx_word' id='word_1_175' title='bbox 791 4231 965 4316; x_wconf 85' lang='lat' dir='ltr'><strong>impetrare</strong></span> <span class='ocrx_word' id='word_1_176' title='bbox 988 4252 1054 4294; x_wconf 91' lang='lat' dir='ltr'><strong>non</strong></span> <span class='ocrx_word' id='word_1_177' title='bbox 1071 4231 1175 4314; x_wconf 90' lang='lat' dir='ltr'><strong>potui,</strong></span> <span class='ocrx_word' id='word_1_178' title='bbox 1191 4240 1229 4295; x_wconf 92' lang='lat' dir='ltr'><strong>ut</strong></span> <span class='ocrx_word' id='word_1_179' title='bbox 1243 4231 1315 4315; x_wconf 89' lang='lat' dir='ltr'><strong>ejus</strong></span> <span class='ocrx_word' id='word_1_180' title='bbox 1330 4232 1364 4294; x_wconf 91' lang='lat' dir='ltr'><strong>in</strong></span> <span class='ocrx_word' id='word_1_181' title='bbox 1377 4231 1538 4296; x_wconf 86' lang='lat' dir='ltr'><strong>nonnullis</strong></span> <span class='ocrx_word' id='word_1_182' title='bbox 1553 4231 1634 4299; x_wconf 88' lang='lat' dir='ltr'><strong>locis</strong></span> 
     </span>
     <span class='ocr_line' id='line_1_24' title="bbox 481 4347 1635 4435; baseline -0.004 -18"><span class='ocrx_word' id='word_1_183' title='bbox 481 4363 546 4417; x_wconf 88' lang='lat' dir='ltr'><strong>tam</strong></span> <span class='ocrx_word' id='word_1_184' title='bbox 565 4349 751 4435; x_wconf 82' lang='lat' dir='ltr'><strong>explicandi</strong></span> <span class='ocrx_word' id='word_1_185' title='bbox 764 4369 861 4432; x_wconf 91' lang='lat' dir='ltr'><strong>quam</strong></span> <span class='ocrx_word' id='word_1_186' title='bbox 885 4358 1011 4412; x_wconf 86' lang='lat' dir='ltr'><strong>veteres</strong></span> <span class='ocrx_word' id='word_1_187' title='bbox 1034 4347 1190 4413; x_wconf 89' lang='lat' dir='ltr'><strong>lectiones</strong></span> <span class='ocrx_word' id='word_1_188' title='bbox 1214 4348 1413 4414; x_wconf 84' lang='lat' dir='ltr'><strong>defendendi</strong></span> <span class='ocrx_word' id='word_1_189' title='bbox 1429 4349 1548 4414; x_wconf 85' lang='lat' dir='ltr'><strong>rationi</strong></span> <span class='ocrx_word' id='word_1_190' title='bbox 1567 4347 1635 4413; x_wconf 84' lang='lat' dir='ltr'><strong>suf·</strong></span> 
     </span>
     <span class='ocr_line' id='line_1_25' title="bbox 480 4465 1632 4554; baseline -0.003 -20"><span class='ocrx_word' id='word_1_191' title='bbox 480 4469 636 4554; x_wconf 84' lang='lat' dir='ltr'><strong>fragarer,</strong></span> <span class='ocrx_word' id='word_1_192' title='bbox 652 4468 687 4532; x_wconf 91' lang='lat' dir='ltr'><strong>id</strong></span> <span class='ocrx_word' id='word_1_193' title='bbox 700 4467 791 4532; x_wconf 89' lang='lat' dir='ltr'><strong>haud</strong></span> <span class='ocrx_word' id='word_1_194' title='bbox 806 4467 917 4550; x_wconf 90' lang='lat' dir='ltr'><strong>iniquo</strong></span> <span class='ocrx_word' id='word_1_195' title='bbox 931 4465 1073 4530; x_wconf 87' lang='lat' dir='ltr'><strong>laturum</strong></span> <span class='ocrx_word' id='word_1_196' title='bbox 1087 4487 1160 4530; x_wconf 89' lang='lat' dir='ltr'><strong>esse</strong></span> <span class='ocrx_word' id='word_1_197' title='bbox 1175 4467 1293 4542; x_wconf 87' lang='lat' dir='ltr'><strong>animo,</strong></span> <span class='ocrx_word' id='word_1_198' title='bbox 1308 4489 1500 4551; x_wconf 84' lang='lat' dir='ltr'><strong>persuasum</strong></span> <span class='ocrx_word' id='word_1_199' title='bbox 1514 4466 1632 4532; x_wconf 79' lang='lat' dir='ltr'><strong>habeo.</strong></span> 
     </span>
     <span class='ocr_line' id='line_1_26' title="bbox 427 4583 1634 4670; baseline -0.003 -18"><span class='ocrx_word' id='word_1_200' title='bbox 427 4639 429 4644; x_wconf 84' lang='lat'><em>.</em></span> <span class='ocrx_word' id='word_1_201' title='bbox 481 4588 536 4653; x_wconf 87' lang='lat' dir='ltr'><strong>Sic</strong></span> <span class='ocrx_word' id='word_1_202' title='bbox 563 4585 617 4652; x_wconf 91' lang='lat' dir='ltr'><strong>ille</strong></span> <span class='ocrx_word' id='word_1_203' title='bbox 645 4587 679 4650; x_wconf 93' lang='lat' dir='ltr'><strong>in</strong></span> <span class='ocrx_word' id='word_1_204' title='bbox 711 4585 820 4670; x_wconf 91' lang='lat' dir='ltr'><strong>Epist.</strong></span> <span class='ocrx_word' id='word_1_205' title='bbox 853 4585 877 4661; x_wconf 95' lang='lat' dir='ltr'><strong>i,</strong></span> <span class='ocrx_word' id='word_1_206' title='bbox 908 4584 959 4660; x_wconf 84' lang='lat'><strong>10,</strong></span> <span class='ocrx_word' id='word_1_207' title='bbox 989 4583 1044 4658; x_wconf 85' lang='lat'><strong>47,</strong></span> <span class='ocrx_word' id='word_1_208' title='bbox 1075 4583 1231 4666; x_wconf 83' lang='lat' dir='ltr'><strong>Imperat,</strong></span> <span class='ocrx_word' id='word_1_209' title='bbox 1259 4584 1349 4648; x_wconf 76' lang='lat' dir='ltr'><strong>houd</strong></span> <span class='ocrx_word' id='word_1_210' title='bbox 1374 4585 1472 4648; x_wconf 78' lang='lat' dir='ltr'><strong>servit</strong></span> <span class='ocrx_word' id='word_1_211' title='bbox 1500 4585 1634 4649; x_wconf 81' lang='lat' dir='ltr'><strong>collecta</strong></span> 
     </span>
    </p>
   </div>
   <div class='ocr_carea' id='block_1_4' title="bbox 0 0 1834 5892">
    <p class='ocr_par' dir='ltr' id='par_1_5' title="bbox 0 0 1834 5892">
     <span class='ocr_line' id='line_1_27' title="bbox 0 0 1834 5892; baseline 0 0"><span class='ocrx_word' id='word_1_212' title='bbox 0 0 1834 5892; x_wconf 95' lang='lat' dir='ltr'><strong> </strong></span> 
     </span>
    </p>
   </div>
  </div>
 </body>
</html>
