3659 5892
665 563 938 632 PRAEFATIO.
1356 593 1376 630 v

225 749 292 813 s‘nni
314 747 452 815 dseebsii
468 748 621 816 debetur
641 753 790 817 acumini.
837 753 923 818 Erat
941 751 998 818 illa
1017 774 1148 837 quoque
1170 775 1268 838 quam
1290 757 1372 822 reci·

217 887 326 951 perern
340 868 539 954 dignissima,
556 893 634 936 oum
656 881 694 946 τᾷ
714 871 860 936 latmia
883 871 916 935 in
935 871 1071 936 mentis
1090 881 1227 949 mutato,
1247 871 1372 958 duplici

214 986 370 1050 emtionis
383 986 567 1052 insolentias
581 988 730 1074 (plorare
742 988 825 1054 rutis
836 1011 909 1074 pro,
924 990 1009 1054 anis
1022 1011 1134 1068 ewa,
1145 1001 1180 1055 et
1193 991 1242 1054 nit
1252 991 1373 1056 exitam

213 1125 286 1188 pro,
301 1106 478 1190 silonites)
492 1109 629 1193 egregie
644 1118 862 1175 succurratur.

255 1221 360 1297 Quod
371 1223 414 1287 ad
426 1225 729 1309 interpretationem
738 1225 866 1304 attinet,
875 1227 1022 1311 quamvis
1030 1226 1117 1290 omni
1125 1247 1204 1290 cura
1212 1235 1247 1292 st
1258 1227 1369 1294 studio

207 1340 243 1404 in
257 1361 297 1405 ea
311 1351 463 1406 versatus
479 1365 562 1423 sum,
578 1366 639 1410 nec
653 1365 759 1429 pauca
772 1342 844 1410 loca
857 1343 1041 1410 difficiliora
1054 1365 1150 1421 nova,
1164 1365 1262 1429 quam
1275 1345 1311 1410 in
1327 1347 1367 1412 iis

207 1458 415 1544 explicandis
429 1461 599 1546 ingressus
620 1483 702 1539 sum,
718 1463 770 1526 ria
783 1463 960 1548 explanare
980 1461 1104 1539 studui,
1119 1483 1159 1526 ea
1173 1472 1281 1528 tamen
1299 1485 1366 1530 uon

205 1577 284 1641 viris
300 1577 422 1656 doctis,
439 1579 499 1644 sed
513 1581 674 1644 tironibus
696 1581 843 1665 inprimis
867 1603 919 1646 me
941 1578 1126 1646 consultum
1145 1579 1254 1659 ivisse,
1269 1579 1364 1648 facile

204 1695 316 1776 docet,
328 1719 398 1781 qua
412 1719 492 1762 usus
508 1719 592 1775 sum,
608 1699 844 1784 interpretandi
857 1700 954 1766 ratio.
998 1699 1088 1764 Nam
1101 1699 1136 1763 in
1149 1700 1271 1783 quibus
1285 1699 1364 1765 doo-

204 1817 301 1881 trime
316 1815 401 1880 alias
414 1815 487 1881 laus
501 1827 535 1882 et
550 1817 646 1902 copia
659 1818 748 1882 cerni
759 1827 794 1881 et
804 1818 932 1884 censeri
946 1816 1040 1896 solet,
1051 1817 1086 1882 in
1100 1817 1140 1881 iis
1153 1815 1203 1882 fui
1214 1817 1364 1894 brevior3

204 1945 238 2000 at
259 1935 295 1998 in
317 1934 360 1998 iis
376 1955 452 2018 quae
474 1934 516 1999 ad
537 1945 645 2020 poetae
659 1936 795 2000 virtutes
816 1947 850 2000 st
871 1936 1049 2001 sententias
1069 1935 1212 2020 penitius
1234 1937 1364 2022 perspi·

203 2054 341 2119 ciendae
364 2051 473 2118 facere
496 2053 696 2131 viderentur,
718 2053 817 2138 paulo
840 2053 1015 2140 copiosior,
1039 2053 1189 2138 adeoque
1210 2052 1361 2118 utilitatis

202 2173 309 2257 magis
336 2191 437 2254 qusm
458 2168 571 2255 gloriae
594 2171 771 2237 studiosus.
824 2171 879 2238 Ne
903 2195 992 2251 vero,
1015 2173 1205 2258 priusquam
1224 2171 1296 2256 ipse
1318 2172 1362 2238 de

203 2310 406 2375 unoquoque
435 2290 576 2354 carmine
604 2289 791 2376 diligentius
820 2291 1026 2376 cogitassem,
1052 2289 1190 2355 aliorum
1217 2286 1362 2374 explica·

203 2411 311 2474 tiones
335 2417 458 2473 temere
482 2408 705 2493 amplecterer,
726 2409 778 2475 vel
799 2411 832 2474 in
855 2431 969 2475 eorum
988 2408 1158 2494 opiniones
1176 2429 1228 2472 me
1249 2406 1361 2472 induci

203 2539 347 2613 paterer,
361 2511 469 2610 legem
492 2526 571 2590 milri
591 2528 706 2612 scripsi
724 2527 821 2605 hanc,
837 2538 875 2592 ut
888 2526 1017 2593 nonnisi
1032 2526 1102 2610 jam
1118 2534 1210 2590 certa
1226 2525 1268 2589 de
1289 2525 1361 2590 uni·

203 2647 406 2732 uscujusque
421 2645 572 2709 carminis
592 2645 726 2710 consilio
741 2656 775 2711 et
790 2667 888 2710 sensu
907 2653 1067 2730 concepta
1077 2644 1184 2708 animo
1198 2643 1360 2708 sententia

202 2769 401 2850 interpretes
424 2763 559 2841 adirem,
573 2773 618 2841 et,
634 2785 708 2847 quae
720 2765 817 2829 bonae
830 2763 934 2848 frugis
949 2762 1039 2849 apud
1051 2783 1109 2826 eos
1123 2761 1357 2845 reperirentur,

202 2886 235 2948 in
260 2905 360 2949 usum
383 2903 490 2946 meum
513 2893 744 2948 converterem.
790 2881 876 2959 Neo,
891 2903 966 2966 qua
987 2879 1061 2945 aliis
1082 2889 1220 2963 accepta
1237 2874 1356 2953 refero,

204 2999 416 3078 dissimulavi,
432 3001 503 3077 sed,
518 3001 705 3086 ubicunque
725 3021 809 3086 opus
824 2997 1009 3075 ridebatu'r,
1022 3000 1110 3063 bona
1123 2995 1191 3060 lide
1205 2994 1356 3060 indicavi.

202 3121 338 3206 Optima
360 3128 469 3182 autem
491 3119 713 3203 suppeditavit
735 3115 989 3192 Mitsoherlichii
1011 3113 1272 3188 commentarius,
1298 3133 1356 3176 ex·

200 3239 380 3324 quisitioris
393 3237 551 3304 doctrinm
560 3237 655 3322 eopia
666 3237 911 3314 refertissimum
928 3257 1025 3324 quem
1039 3234 1172 3318 quidem
1186 3253 1227 3297 eo
1241 3230 1355 3296 luben·

201 3360 264 3423 tius
279 3359 315 3422 in
329 3365 442 3440 partes
457 3357 581 3434 vocavi,
597 3377 662 3439 quo
676 3357 780 3440 magis
800 3356 872 3440 ejus
892 3363 1007 3423 auctor
1016 3353 1085 3437 jam
1099 3351 1186 3428 olim,
1202 3350 1245 3414 ad
1260 3349 1354 3433 cujus

200 3475 386 3560 exemplum
414 3495 466 3540 me
494 3495 730 3558 componerem,
758 3472 837 3538 mihi
862 3473 971 3538 extitit
1000 3469 1221 3554 dignissimus.
1266 3465 1354 3530 Nam

200 3617 264 3661 non
294 3595 366 3658 sine
397 3615 520 3657 summa
545 3594 641 3657 animi
666 3592 833 3676 voluptate
859 3591 893 3654 in
921 3587 1107 3657 memoriam
1132 3606 1250 3651 revoco
1272 3582 1353 3648 illud

199 3725 341 3798 tempus,
362 3732 429 3796 quo
452 3731 517 3775 non
537 3711 640 3775 solum
664 3711 786 3775 intimae
805 3730 865 3774 nos
886 3727 1009 3792 pueros
1024 3707 1060 3770 iu
1074 3703 1187 3781 schola
1201 3701 1352 3768 Portensi

199 3833 351 3896 amicitiae
374 3829 664 3914 familiaritatisque
687 3829 821 3893 tenebat
835 3825 1009 3902 nuendum,
1025 3824 1086 3889 sed
1103 3832 1253 3893 mutuum
1271 3841 1352 3904 quo-

199 3972 261 4035 que
291 3949 532 4014 honestissima
560 3947 773 4014 aemulationis
802 3945 951 4032 agitabat
979 3941 1134 4024 studium.
1180 3937 1352 4004 Gaudebit

198 4070 297 4154 igitur
325 4067 392 4144 ille,
419 4068 513 4151 cujus
542 4067 676 4150 antiqua
700 4065 785 4130 fides
808 4073 842 4128 et
868 4061 1032 4126 rarissima
1058 4058 1156 4122 animi
1180 4055 1349 4140 integritas

198 4186 273 4251 mihi
302 4198 337 4252 et
366 4185 438 4250 aliis
465 4185 545 4249 satis
567 4193 742 4270 perspecta
763 4193 825 4260 est,
851 4179 1022 4266 gaudebit,
1044 4177 1187 4260 inquam,
1213 4175 1348 4243 nisime

197 4307 300 4370 omnia
314 4303 443 4382 fallunt,
459 4303 526 4381 ille,
542 4303 570 4366 si
585 4313 726 4368 veterem
747 4323 842 4366 suum
861 4299 1001 4364 amicum
1016 4303 1093 4378 post
1111 4313 1251 4363 messem
1271 4314 1292 4355 a
1314 4311 1348 4355 se

196 4423 308 4490 factam
323 4425 435 4510 spicas
450 4422 572 4506 legisse
586 4419 792 4486 intellexerit.

232 4543 312 4610 Post
327 4541 527 4610 inchoatam
538 4537 789 4604 Mitscherlichii
806 4535 985 4602 editionem
1002 4529 1108 4595 omnia
1122 4525 1255 4592 Horatii
1269 4523 1350 4591 Car·

184 4665 265 4730 mina
288 4687 358 4732 uuo
383 4673 482 4728 tomo
510 4657 672 4742 evulgavit
694 4656 744 4722 Cl.
771 4648 967 4719 Wetaelius.
1013 4647 1178 4713 lnstruota
1200 4652 1251 4708 est
1275 4641 1346 4706 hmo

746 4775 768 4836 b
783 4774 804 4834 2
