3659 5892
114 3055 240 3108 ·⁸qq

654 493 820 560 LIBER
842 493 871 574 1,
894 499 927 560 2.

422 649 574 716 Vidimus
588 648 708 714 flavum
722 649 881 727 Tiberim,
897 647 1029 714 retortis

422 753 536 817 Litore
552 752 696 818 Etrusco
711 753 867 818 violenter
881 752 991 830 undis,

361 857 400 920 15
422 855 473 920 Ire
489 855 652 939 dejectum
667 866 874 920 monumenta
888 853 1005 939 Regis,

721 955 926 1042 Templuque
942 956 1074 1039 Vestae3

420 1059 488 1124 Iliae
503 1057 581 1122 dum
594 1081 629 1124 se
644 1059 776 1124 nimium
791 1059 941 1144 querenti

416 1164 439 1227 J
441 1171 528 1228 aetat
541 1161 690 1240 ultorem,
707 1183 809 1248 vagus
824 1173 858 1227 et
873 1163 1005 1228 sinistra

419 1267 558 1332 Labitur
573 1266 656 1350 ripa,
671 1265 755 1331 Jove
769 1284 835 1330 non
849 1267 1021 1351 probante,
1037 1289 1076 1332 u-

353 1371 397 1434 20
721 1369 834 1432 xorius
848 1369 963 1433 amnis.

417 1469 544 1536 Audiet
557 1469 643 1536 cives
658 1471 785 1536 acuisse
800 1469 934 1549 serrum,

417 1575 495 1648 Quo
508 1597 624 1659 graves
638 1573 749 1638 Persae
763 1573 878 1638 melius
893 1574 1055 1658 perirent3

415 1674 542 1742 Audiet
555 1695 683 1762 pugnas
698 1677 776 1741 vitio
791 1687 964 1762 parentum

719 1778 810 1843 Rara
819 1781 987 1864 juventus.

348 1883 393 1946 25
415 1883 524 1956 Quem
538 1894 634 1948 vocet
648 1881 768 1946 Divom
782 1879 924 1967 populus
940 1881 1063 1946 ruentia

417 1984 538 2070 Imperi
552 1986 674 2050 rebuel
696 2005 794 2069 prece
810 2005 875 2068 qua
890 1983 1029 2070 fatigent

414 2085 570 2172 Virgines
584 2097 704 2152 sanctae
719 2087 825 2150 minus
840 2087 1027 2150 audientem

716 2185 869 2252 Carmina
881 2187 1041 2256 Vestam?

193 2476 263 2521 nem,
280 2459 342 2508 vidit
355 2458 420 2509 eninr
433 2459 526 2526 Pyrrha
539 2461 654 2510 Proteum
669 2459 761 2526 phocas
792 2457 901 2510 duceret.
936 2458 1259 2524 Nimiumnontdpuerentr'
1273 2462 1357 2513 sedsd

193 2524 219 2573 in
236 2525 292 2573 altis
305 2525 428 2573 montibus
488 2533 590 2582 centem,
605 2524 666 2573 vidit
682 2523 760 2589 pisces
791 2525 890 2573 ultorem
917 2523 1067 2574 referendum
1092 2539 1145 2574 esse
1167 2534 1244 2590 puto;
1272 2531 1358 2577 ninius

193 2589 313 2638 herentes
326 2590 353 2638 in
368 2589 445 2638 arbori
462 2605 499 2647 us,
514 2598 538 2639 et
551 2590 635 2638 damas
649 2596 760 2638 astantes
792 2588 856 2637 euim
875 2589 922 2638 tuit
943 2589 1007 2637 ultor
1021 2588 1123 2646 Tiberis,
1146 2589 1196 2638 sive
1212 2589 1308 2639 modurn
1330 2593 1357 2642 in

192 2653 219 2702 in
243 2670 347 2719 aequore.
391 2654 497 2704 Morutrn
519 2654 641 2710 dicuntur,
665 2669 720 2719 que
745 2669 760 2702 a
792 2653 931 2704 ulciscendo
942 2653 1022 2702 moris
1032 2669 1083 2702 sure
1091 2653 1172 2703 dolore
1182 2655 1356 2713 excessit,dum

192 2718 289 2783 vulgari
299 2735 376 2768 rerum
392 2719 475 2768 ordine
490 2719 613 2776 recedunt,
625 2735 680 2784 qun
695 2734 759 2766 nun·
792 2725 882 2766 tantam
892 2718 987 2767 ruinam
993 2717 1079 2767 Rome
1090 2717 1196 2767 edificiis
1207 2720 1356 2772 moliebatur.

193 2799 269 2895 p'nanr
291 2783 351 2841 sisa,
370 2799 494 2858 nunquam
517 2783 600 2832 andita
622 2793 686 2832 sunt.
719 2783 759 2832 De
791 2783 891 2831 Sinistra
900 2787 963 2846 ripn,
972 2782 1014 2832 ubi
1023 2783 1104 2831 Roma
1114 2783 1161 2831 sita
1170 2783 1225 2832 init.
1244 2785 1356 2836 Jocenon

217 2859 287 2905 roten,
310 2849 355 2897 deo
382 2864 482 2906 manno,
507 2847 614 2914 Neptuni
643 2853 758 2905 armenta,
790 2849 913 2910 probante:
931 2846 1027 2913 Jupiter
1038 2848 1111 2906 enim,
1123 2847 1149 2895 in
1160 2847 1230 2896 cu‘us
1246 2850 1356 2913 prasidio

193 2911 336 2961 nominatim
367 2914 451 2971 hocas,
469 2922 591 2980 pascente,
607 2912 639 2961 cl.
658 2913 758 2961 Homer.
793 2912 879 2960 Romu
891 2909 937 2961 luit
944 2911 1104 2970 incolumitas,
1113 2865 1244 2978 improhare
1253 2915 1356 2964 debebat

194 2976 286 3043 Odyss.
297 2977 330 3034 ir,
344 2929 393 3028 3Ρ86
404 2993 459 3044 sqq.
470 2987 495 3028 et
507 2977 577 3042 virg.
590 2978 653 3028 Geo.
664 2977 696 3036 iv,
708 2979 757 3028 395
791 2977 872 3026 urbem
884 2975 996 3052 perdendi
1012 2977 1148 3026 consilinm.
1185 2977 1194 3024 l
1201 2979 1283 3027 'torius
1294 2979 1354 3028 dici·

243 3076 251 3090 .
789 3048 836 3098 tur,
855 3055 897 3106 an
914 3041 982 3089 uxori
1000 3039 1162 3090 deditissimus
1183 3041 1243 3091 nihil
1260 3059 1308 3092 non
1328 3045 1354 3094 in

227 3107 531 3174 intercutaneum
544 3123 593 3156 non
604 3105 756 3164 domesticas,
789 3105 870 3154 uxoris
896 3106 998 3180 gratiam
1021 3106 1086 3155 lacit.
1123 3105 1238 3156 Similiter
1260 3109 1354 3158 AEneas

191 3170 235 3220 sed
247 3171 367 3221 silvestres
378 3173 537 3238 (palumbes),
550 3172 630 3220 sedem
646 3186 715 3219 suam
731 3171 757 3220 in
790 3169 855 3235 apud
876 3171 947 3235 Vrrg.
966 3171 1028 3220 AEn.
1049 3171 1081 3227 iv,
1101 3171 1159 3227 266,
1179 3178 1204 3220 et
1225 3172 1353 3224 Vulcanus

191 3235 302 3284 arborum
311 3237 383 3286 ramis
390 3237 512 3295 habentes,
519 3234 687 3302 intelligendas
695 3251 755 3296 esse,
789 3233 852 3300 apud
868 3233 997 3284 Claudian.
1009 3235 1039 3284 de
1056 3236 1133 3302 Nupt.
1144 3237 1237 3286 Honor.
1247 3245 1273 3286 et
1288 3239 1353 3290 Μαι.

191 3309 277 3366 sponte
287 3311 395 3368 apparet.
789 3316 813 3347 v.
826 3301 867 3356 59,
879 3303 955 3349 uxorii
965 3299 1087 3351 dicuntur.

226 3366 332 3416 13-16.
349 3367 448 3415 Florum
457 3363 662 3416 solemne'liberi's
673 3359 757 3412 aliero
821 3365 928 3413 21-24.
947 3365 1032 3414 Nesus
1049 3373 1073 3414 et
1088 3381 1189 3414 sensus:
1208 3365 1353 3430 portendunt

191 3443 319 3478 arenarum
329 3432 408 3480 colore
422 3429 555 3496 epitheton.
588 3431 756 3478 Retortr'seett.
788 3427 933 3478 autemharc
959 3429 1049 3494 rodigia
1057 3429 1123 3478 bella
1132 3429 1228 3490 civilia;
1244 3431 1310 3496 quod
1319 3432 1353 3482 ita

190 3493 250 3542 litus
266 3511 320 3544 nem
366 3495 437 3544 uraris
453 3493 549 3545 Etrusci
565 3494 614 3544 sive
629 3493 755 3560 Tyrrheni,
787 3499 858 3558 poete
881 3445 984 3543 extudit:
1009 3493 1106 3561 posteri,
1129 3510 1229 3559 quornm
1251 3495 1353 3560 exiguus

189 3557 216 3607 in
234 3559 298 3624 qnod
331 3559 409 3610 'iberis
427 3561 564 3616 effunditur,
583 3573 638 3609 cum
658 3557 756 3606 nimiam
788 3561 861 3622 <rura
873 3559 1005 3622 juventur)
1026 3560 1142 3624 majorum
1164 3559 1236 3624 culpa
1255 3561 1353 3611 restabit

189 3623 681 3740 et²tttttt⁰5t³¹³⁰¹ltltttt²
703 3621 755 3735 ..ii
786 3637 846 3754 31:3¹¹
846 3623 1351 3741 titt‘ttttllttthtmttl‘ttlr

235 3723 241 3736 ¹
501 3726 507 3747 r
531 3725 537 3737 ·
564 3725 570 3739 ·
744 3715 754 3725 “
1163 3724 1170 3746 r

188 3752 259 3818 pilii:
285 3769 339 3819 quta
363 3707 555 3804 luerintgdirtem
576 3751 618 3802 illa
639 3769 654 3801 a
672 3753 756 3802 Numa
786 3751 851 3818 ipsos
859 3751 1034 3817 acmssapugn
1079 3753 1272 3802 uecommisisse.
1287 3755 1350 3804 Gra·

186 3826 312 3868 exstructa
332 3825 496 3878 monumenta,
519 3819 598 3867 statim
620 3815 755 3882 subjicitur,
787 3817 946 3873 maurulum
961 3817 1051 3882 negotii
1091 3817 1184 3866 omanis
1197 3818 1349 3878 lacessentes,

187 3895 277 3948 nempe
294 3885 402 3946 temptum
419 3887 505 3944 Vestoe3
523 3881 640 3996 particula
656 3899 699 3946 que
715 3884 753 3946 τῳ·
784 3879 898 3930 timendis
924 3881 1007 3939 Persa,
1027 3881 1053 3929 h.
1073 3899 1096 3932 e.
1118 3882 1210 3932 Parthi.
1243 3884 1350 3936 Perirerrt

187 3949 273 4010 templu
290 3949 396 3998 subnexa
411 3947 460 3997 vim
477 3961 523 4014 esp
533 3945 612 3997 icanrll
630 3947 709 4003 habet,
726 3953 754 3995 ut
783 3945 939 4012 pro,perituri
950 3946 1058 3995 luissent.
1083 3947 1144 3994 Vitio
1155 3958 1284 4008 parentum,
1294 3949 1349 3999 ine.

187 4010 228 4068 sit,
240 4027 342 4088 nempe:
361 4013 409 4061 rid.
421 4013 546 4063 Drakenb.
556 4013 588 4062 ad
600 4011 654 4061 Lir.
666 4013 698 4070 vi,
712 4011 752 4070 16,
785 4012 858 4077 culpa
876 4018 1010 4078 parentum,
1027 4011 1092 4076 qnod
1107 4011 1223 4060 bellorum
1241 4011 1349 4064 civilium

189 4078 202 4139 t
216 4077 241 4133 8,
254 4077 285 4124 Τ.
297 4077 323 4135 ti,
334 4089 358 4144 p.
369 4079 426 4127 aab.
785 4075 863 4125 lurore
874 4083 900 4124 te
911 4073 996 4142 corripi
1007 4078 1070 4141 passi
1081 4084 1147 4124 sunt.

224 4141 328 4191 17-20.
354 4139 404 4192 lite
422 4143 478 4191 dum
496 4147 555 4190 cett.
574 4153 674 4191 sensus:
696 4139 755 4190 dum
818 4141 925 4190 25-28.
939 4141 1010 4193 Quem
1028 4152 1088 4189 uocet
1106 4141 1188 4188 Divom
1203 4146 1260 4189 cett.
1276 4159 1348 4207 quem

187 4205 268 4254 amnis
278 4205 381 4264 Tiberis,
392 4216 420 4255 ut
430 4205 534 4282 querelis
550 4205 629 4254 uxoris
640 4221 689 4255 sure
702 4205 754 4255 Ilias
786 4205 884 4254 deorum
904 4203 989 4252 edesse
1006 4213 1115 4280 precetur
1132 4203 1234 4270 populus
1253 4217 1348 4257 susten·

187 4270 329 4330 satisfaciat,
349 4271 491 4321 immodrcns
512 4271 617 4336 exsurgit
636 4272 707 4329 ultor,
729 4279 754 4319 et
785 4269 867 4328 tando,
891 4267 955 4334 quod
979 4284 1072 4318 rurnam
1093 4268 1206 4325 minatur,
1229 4269 1347 4335 irnperiot

187 4343 276 4400 preter
286 4335 354 4386 Jovis
365 4336 512 4386 voluntatem
525 4335 620 4384 sinistra
632 4334 683 4400 ripa
696 4349 752 4384 eva·
786 4333 862 4384 Rebus
878 4343 915 4383 est
931 4347 1001 4382 casus
1016 4333 1098 4383 tertius
1118 4349 1169 4399 pro,
1187 4332 1218 4381 ad
1236 4350 1273 4384 res
1290 4345 1348 4386 cett.

189 4408 268 4462 gatar.
296 4401 403 4450 lltnsire
416 4399 638 4457 ilbenSitvtnldeo,
665 4399 754 4447 nodab
788 4399 831 4448 liet
848 4402 1000 4463 r'nrpm'r'pro,
1013 4399 1065 4464 ipso
1082 4399 1114 4447 im
1147 4397 1194 4456 ri03
1211 4401 1348 4465 supeenim

189 4463 289 4514 Amulio
300 4465 338 4514 vel
353 4466 377 4514 in
388 4466 489 4514 fluvium
501 4463 621 4514 Anienem
632 4415 671 4513 viil
682 4463 754 4513 Tibe·
786 4463 930 4513 retinservit
944 4463 1084 4539 periphrasi.
1116 4414 1215 4519 Eume,
1228 4465 1349 4524 Vestales,

188 4528 231 4578 rim
246 4529 355 4580 demersa
365 4531 460 4589 dicitur,
472 4530 598 4594 utriusque
612 4527 678 4578 fluuii
692 4538 754 4577 uxor·
784 4529 816 4577 ob
826 4527 956 4594 pudicitia,
965 4535 1224 4584 curseconsecrarunt,
1233 4531 1348 4578 sanctita-

187 4594 243 4642 ficta
264 4604 309 4643 ert.
344 4595 456 4650 Querentr'
477 4609 513 4644 sc.
535 4609 617 4644 necem
639 4594 751 4652 Caesatis,
784 4601 841 4642 tem.
860 4591 1349 4656 Minusnudicntem,quiadebelliscivili·

187 4659 284 4722 cognati
296 4657 341 4716 sui,
354 4675 407 4710 cunr
420 4660 473 4718 ille,
485 4666 513 4708 ut
523 4657 575 4724 ipsa
586 4659 643 4717 llia,
655 4659 685 4707 ab
697 4657 752 4707 Inlo
784 4658 830 4707 bus
838 4657 936 4708 stende
944 4657 1047 4708 Coesads
1056 4657 1210 4706 irascebatur.
1228 4660 1349 4718 Carmina,

187 4723 239 4774 sire
255 4725 368 4786 Ascanio,
382 4725 455 4778 Alba
474 4737 539 4788 rege,
554 4723 666 4789 originem
684 4735 753 4772 snam
785 4723 904 4775 solemnes
924 4737 1023 4788 precum
1041 4721 1166 4776 tonnulas.
1205 4723 1301 4783 l'ertam,
1323 4724 1349 4774 in
