3659 5892
644 528 873 597 CARMEN
901 528 951 592 17.

396 705 529 771 Effare:
549 705 660 789 jussas
674 724 748 767 cum
761 700 828 766 fide
843 720 960 786 poenas
975 696 1082 774 luam;

396 807 537 872 Paratus
553 805 698 892 expiare,
716 824 775 867 seu
789 800 980 887 poposceris

395 908 536 975 Centum
547 910 717 993 juvencos,
735 906 801 969 sive
816 902 966 968 mendaci
979 900 1051 985 lyra

329 1013 374 1077 to
395 1011 498 1077 Voles
515 1010 638 1088 sonari;
662 1018 698 1071 tu
713 1006 845 1092 pudica,
861 1016 898 1068 tu
913 1004 1018 1088 proba

397 1112 645 1181 Perambulabis
661 1120 750 1175 astra
765 1109 856 1173 sidus
872 1128 1017 1171 aureum.

396 1214 529 1281 Infamia
545 1213 685 1280 Helenae
700 1212 819 1277 Castor
834 1208 979 1275 offensus
994 1208 1075 1285 vice,

395 1318 577 1403 Fraterque
593 1315 701 1401 magni
715 1313 874 1390 Castoris,
890 1312 968 1376 victi
984 1330 1093 1394 prece,

395 1417 540 1485 Ademta
554 1419 620 1484 vati
635 1416 809 1483 reddidere
824 1414 956 1479 lumina.

331 1522 376 1587 45
397 1521 444 1587 Et
458 1533 506 1600 tu,
520 1532 614 1607 potes
630 1542 715 1595 nam,
732 1517 885 1583 solvente
900 1514 1074 1591 dementia,

397 1624 430 1689 Ο
445 1645 506 1689 nec
522 1622 668 1708 paternis
683 1620 831 1686 obsoleta
846 1618 1011 1696 sordibus,

397 1726 470 1792 Nec
486 1726 520 1789 in
536 1722 693 1810 sepulcris
709 1742 890 1807 pauperum
905 1720 1050 1806 prudens
1066 1739 1148 1783 anus

395 1826 620 1894 Novendiales
634 1824 795 1909 dissipare
810 1824 973 1908 pulveres.

396 1930 477 1994 Tibi
491 1927 654 2014 hospitale
668 1938 796 2012 pectus,
812 1936 846 1991 et
860 1948 953 2011 purae
967 1946 1099 1989 manus:

331 2032 374 2097 50
395 2031 557 2116 Tuusque
572 2042 685 2097 venter
701 2030 922 2107 Pactumeius,
938 2039 972 2094 et
986 2038 1044 2093 tuo

223 2177 249 2219 et
258 2166 413 2218 cruciatibus.
437 2164 517 2228 Neque
526 2174 568 2223 ert,
579 2162 628 2215 odd*
638 2164 697 2223 lert,
709 2179 786 2229 neque
817 2162 874 2213 bam
884 2164 961 2214 stellis
971 2163 1085 2221 inseram,
1093 2162 1119 2211 h.
1128 2178 1151 2213 e.
1160 2162 1191 2212 ad
1200 2161 1290 2212 coelum
1301 2178 1379 2227 usque

224 2233 291 2283 licet.
315 2232 403 2281 Lesura
417 2239 483 2280 teuta
497 2233 585 2294 spiritu
599 2232 735 2293 precordia,
748 2244 786 2277 or·
818 2228 942 2279 extollam.
983 2230 1158 2278 Perambulcbis
1180 2238 1253 2284 nstra,
1274 2234 1298 2276 te
1317 2227 1379 2276 inter

227 2306 283 2347 nate
295 2312 346 2363 pro,
358 2311 395 2345 res
412 2295 481 2345 'rare
818 2302 897 2343 cetera
909 2303 973 2343 astra
978 2293 1098 2358 jactabis:
1110 2293 1209 2342 verbum
1218 2294 1379 2354 mandatore

257 2363 364 2411 27-35.
413 2376 464 2424 rgo,
490 2368 608 2422 negatum,
636 2360 724 2416 ιηίισιτ,
757 2369 784 2408 ut
817 2356 938 2408 notionem
950 2358 1065 2424 superbie
1075 2366 1101 2408 et
1103 2357 1232 2471 p'actantie
1246 2357 1332 2405 babet:
1345 2357 1378 2407 cl.

223 2429 316 2475 πεάαιιι
324 2428 471 2488 miser:ergo
480 2437 562 2473 rerum
570 2437 631 2480 esse,
640 2422 705 2487 qnod
714 2432 786 2473 antea
818 2437 872 2488 sup.
883 2423 914 2471 ad
926 2424 1038 2488 Epodl,
1051 2426 1076 2473 5.
1119 2424 1204 2488 usmis
1216 2422 1308 2469 Helene
1321 2422 1377 2471 Cus-

225 2490 256 2540 de
275 2489 408 2540 carminum
425 2487 572 2553 magicorum
589 2488 696 2536 efficacia
712 2502 785 2552 nega·
818 2496 854 2535 tor
865 2487 962 2553 uniones
972 2492 1029 2545 vice,
1040 2489 1166 2551 Fraterqae
1176 2490 1256 2549 magni
1266 2487 1377 2536 cauae.

225 2555 292 2612 barn,
307 2555 380 2604 miser
396 2568 451 2617 ego,
468 2561 496 2602 ut
513 2549 617 2609 credam,
638 2552 785 2617 experientia
819 2552 854 2600 Ut
876 2552 993 2601 mitiorem
1015 2562 1039 2601 te
1056 2552 1116 2600 mibi
1136 2551 1250 2617 prebeas,
1269 2551 1380 2617 exemplo

224 2618 315 2668 vincor.
347 2620 439 2667 wella
454 2618 558 2666 carmina
574 2624 600 2665 et
616 2616 695 2665 Morsu
711 2620 787 2666 amu
818 2614 862 2665 tibi
874 2616 923 2665 sint
931 2617 1053 2673 Dioscuri,
1079 2613 1379 2681 ui,quamvisStesielsoro

225 2683 339 2733 dicuntur
355 2682 463 2732 carmina
478 2679 580 2744 magica,
592 2680 658 2755 qnod
669 2681 752 2730 Sabini
762 2691 787 2731 et
818 2680 849 2728 ob
861 2681 1009 2747 probrosum,
1019 2696 1067 2747 quc
1103 2681 1195 2730 elenatn
1206 2679 1378 2737 diffamaverat,

226 2748 305 2798 Marsi
325 2747 416 2797 artibus
436 2745 536 2811 magicis
552 2744 694 2795 deditissimi
711 2746 785 2797 luisse
817 2760 913 2795 carmen
930 2747 1032 2811 graviter
1047 2746 1218 2803 irascebantur,
1230 2754 1310 2794 umen
1325 2745 1379 2810 ejus

226 2814 348 2863 dicuntur.
368 2812 452 2861 Pectus
463 2814 591 2873 inermus-c,
604 2810 724 2874 eleganter
733 2827 784 2877 pro,
817 2809 948 2874 palinodia,
965 2819 993 2860 ut
1007 2819 1115 2876 ereptum
1131 2811 1154 2859 ei
1169 2809 1292 2859 oculorum
1306 2824 1378 2859 nsum

225 2877 349 2991 lippellere
368 2884 393 2926 et
413 2874 716 2989 cpmppovepleimDisrilirc,
735 2892 784 2951 pra
817 2874 1233 2989 ‘ggii‘fin‘lviipfi‘mgdc'uni
1249 2874 1380 2988 Dellpbula

267 2958 369 2991 orenem
411 2956 467 2990 ee
491 2956 522 2987 n:
604 2958 617 2986 a
668 2955 788 2989 escarmr-
876 2955 1120 2989 rcorsn.su.a
1176 2954 1269 2994 arms,
1322 2956 1378 2996 ,ιιι

227 3008 300 3057 nibus
318 2956 420 3071 meddin
432 3003 510 3070 rumpi
520 3013 544 3052 et
553 2956 787 3054 dissillrgeudicuntur.
820 3018 913 3069 argum.
928 3021 950 3054 s.
964 3005 1007 3054 lin.
1024 3014 1050 3054 et
1064 2957 1127 3071 1duos
1141 3002 1225 3053 laudat
1234 3004 1335 3054 blitsclt.
1347 3004 1378 3053 ad

227 3068 553 3133 Mnmsraeniascl.tup.E
603 3070 786 3131 .t,76;simi-
819 3067 875 3119 h.l.

228 3134 284 3185 liter
295 3134 369 3185 Orid.
385 3134 438 3182 Art.
450 3134 508 3182 Am.
518 3130 544 3189 ii,
570 3132 676 3189 0¹2,Nou
698 3138 784 3191 neunt,
851 3134 957 3183 ⁴5-b2.
983 3134 1127 3191 Paternum,
1147 3132 1255 3183 dducam
1271 3135 1329 3201 γὰρ,
1348 3150 1378 3184 ex

226 3210 256 3248 ut
271 3204 336 3249 sium
351 3214 423 3255 amor,
440 3198 557 3246 Msde'ldes
570 3198 650 3254 lerboe,
696 3202 788 3263 istaque
819 3198 921 3247 solemni
940 3199 965 3247 in
982 3198 1098 3275 precibus
1116 3198 1148 3247 ad
1166 3199 1263 3247 deorum
1279 3198 1381 3249 numina

227 3281 280 3313 cum
298 3266 394 3329 magicis
409 3264 485 3311 nenia
505 3261 585 3309 Marsa
602 3265 670 3310 sonu.
705 3264 787 3318 Quen·
819 3262 931 3311 formula.
965 3264 1013 3312 llec
1033 3266 1137 3320 cbwleta,
1161 3264 1187 3311 b.
1207 3280 1230 3313 e.
1251 3264 1378 3331 despectu

227 3337 278 3376 tuna
295 3344 366 3392 nepus
385 3337 437 3375 stru
456 3328 572 3375 delibutus
591 3326 703 3377 Hercules
722 3328 789 3378 Nessi
820 3342 857 3376 res
878 3328 943 3376 enirn
962 3330 1062 3375 mulcta
1083 3328 1109 3375 in
1129 3328 1244 3393 despectu
1263 3330 1312 3378 lere
1327 3345 1380 3380 esse

226 3410 324 3442 mame:
336 3408 390 3459 sup.
404 3391 482 3503 Eppd.
497 3391 521 3447 8,
536 3390 575 3447 17,
589 3389 638 3438 Nec
648 3408 732 3440 mansu
742 3394 786 3441 lu·
820 3393 912 3441 solent:
929 3396 1033 3453 poteruis
1050 3394 1162 3449 sordibus,
1174 3392 1270 3442 sordida
1279 3393 1380 3457 origine.

227 3461 296 3507 uteris
353 3460 412 3506 creis
511 3456 539 3503 lis
557 3454 644 3503 luorsit
662 3460 787 3513 enuntias,
821 3456 870 3505 Nec
888 3458 913 3504 ia
933 3458 1044 3519 sepulcris
1059 3474 1188 3519 pauperum
1203 3461 1307 3519 prudeus
1320 3476 1379 3507 anus

229 3520 307 3571 ubivi
326 3530 394 3571 ‚not
428 3520 477 3569 Nee
492 3519 789 3631 Skanassruidcl'urcus
821 3520 1379 3583 Nouendialesdissiparcpulueres,necesanus,

225 3587 253 3635 iu
263 3588 336 3635 AEtna
344 3587 459 3651 flam:
480 3583 573 3633 Catull.
595 3582 661 3641 xviii,
673 3586 715 3643 st,
729 3586 788 3635 Cum
836 3600 874 3633 ua
886 3584 976 3634 calleas
988 3584 1013 3633 in
1055 3600 1155 3659 upenrm
1164 3586 1280 3651 sepulcris
1289 3602 1379 3637 noven-

229 3653 443 3707 tentamentum,
452 3656 564 3713 picatum
577 3648 700 3697 Trinacria
712 3667 788 3713 rupes,
819 3600 895 3697 diales
905 3650 1015 3714 pulveres
1039 3650 1152 3715 issrpare3
1168 3650 1380 3701 cineresnimirum

229 3714 273 3763 ubi
283 3715 355 3780 plura
365 3715 395 3764 de
409 3713 455 3763 hac
470 3712 647 3777 comparatione
661 3713 716 3763 vida
726 3713 790 3780 apud
820 3712 847 3761 in
858 3713 976 3779 sepulcris
985 3713 1095 3778 religiose
1106 3714 1178 3762 condi
1189 3723 1213 3763 et
1224 3716 1320 3773 seruari,
1331 3732 1380 3766 non

230 3780 308 3846 Vulp.
327 3788 353 3830 ct
370 3781 431 3829 stat.
466 3778 511 3835 Tu,
522 3778 592 3825 donec
608 3780 676 3835 ciuis,
690 3786 747 3827 cett.
763 3787 789 3829 tu
822 3778 876 3827 laco
898 3793 943 3827 sno
965 3779 1055 3828 moveri
1075 3788 1101 3827 et
1119 3779 1229 3845 dissipari
1251 3779 1380 3840 debebant,

229 3843 297 3893 nulla
313 3844 360 3893 mei
376 3842 528 3893 misemtione
542 3849 607 3890 tacta
616 3841 707 3891 tamdiu
719 3858 789 3893 vene·
822 3842 887 3908 quod
898 3842 978 3899 fiebat,
987 3842 1007 3891 si
1019 3858 1034 3891 a
1044 3844 1108 3909 sagis
1118 3844 1280 3893 auferrentur:
1303 3850 1380 3909 sepul·

229 3907 269 3957 nis
288 3908 411 3960 Colchicis
425 3907 451 3955 in
468 3922 506 3955 me
521 3904 648 3955 miscendis
659 3916 789 3973 etcompa-
821 3911 868 3956 cris
878 3924 1016 3971 pauperum,
1030 3923 1086 3956 nam
1102 3908 1199 3958 ditiores
1212 3910 1338 3974 sepulcris,
1351 3928 1382 3961 ne

230 3972 311 4021 randis
320 3973 429 4031 insudas,
440 3970 516 4021 donec
526 3986 565 4019 me
581 3970 606 4019 in
619 3970 712 4021 addam
723 3974 789 4022 cine·
821 3972 913 4022 eineres
932 3987 948 4019 a
966 3972 1030 4036 sams
1045 3973 1132 4023 suferri
1149 3983 1254 4038 possent,
1272 3976 1383 4026 custodes

230 4052 290 4095 rem,
307 4039 422 4103 protervis
437 4035 516 4085 ventis
533 4034 705 4101 dissipandum,
723 4036 790 4087 rede·
822 4036 909 4086 addere
927 4034 1050 4085 solebant:
1068 4037 1118 4086 rid.
1130 4038 1233 4088 Dorvill.
1245 4039 1276 4087 ad
1288 4039 1381 4091 Charit.

231 4100 302 4165 peris.
344 4103 411 4151 Cales
432 4100 533 4164 affictus,
555 4114 585 4148 es
604 4099 674 4149 uisite
693 4117 743 4167 pro,
764 4116 791 4151 es
823 4117 847 4167 p.
860 4103 918 4159 429,
928 4100 986 4148 edit.
998 4101 1066 4167 Lips.
1100 4102 1261 4160 Nouendiales,
1273 4105 1382 4178 quiante

230 4165 292 4215 mihi
302 4168 372 4230 quasi
383 4155 487 4223 officina,
496 4180 574 4230 quac
601 4174 625 4215 et
633 4170 724 4215 uenenis
736 4168 789 4215 Col·
823 4180 908 4214 novem
924 4164 984 4221 dies,
996 4173 1024 4214 ut
1038 4167 1176 4231 postulabat
1188 4168 1318 4244 disciplina
1330 4184 1381 4218 ma-

231 4230 311 4279 cbicit.
823 4230 885 4294 gica,
899 4229 990 4278 conditi
999 4239 1078 4279 erant:
1096 4230 1126 4280 de
1137 4233 1245 4281 cinerum
1256 4249 1282 4282 ιιι
1294 4250 1319 4283 re
1331 4250 1380 4283 ma-

265 4296 374 4344 36-44.
390 4294 545 4356 Stipendium,
568 4292 720 4343 redemtionis
738 4308 791 4359 pre·
824 4294 878 4359 gica
888 4310 935 4343 usu
944 4310 982 4344 res
992 4304 1065 4343 nota:
1083 4295 1116 4344 cl.
1128 4298 1180 4346 Sat.
1190 4296 1207 4353 i,
1220 4299 1245 4356 8,
1257 4300 1299 4347 22.
1334 4300 1381 4349 Tu·

232 4356 302 4417 tiam,
320 4373 394 4425 poena
410 4357 469 4407 mibi
486 4357 549 4407 ricto
566 4358 610 4407 tibi
626 4356 717 4407 victrici
733 4374 792 4424 pen-
823 4374 894 4422 mosas
916 4369 995 4408 venter
1017 4359 1174 4419 Pactumeius,
1194 4370 1220 4411 et
1241 4362 1305 4411 lilius
1327 4373 1383 4414 tuus

233 4422 328 4473 denda:
355 4423 460 4488 cisup.
479 4422 601 4481 adius,
621 4423 661 4470 17.
696 4423 793 4471 Centum
824 4424 990 4481 Pactumeius,
1002 4440 1074 4489 quem
1085 4434 1117 4482 te,
1130 4436 1157 4475 at
1171 4442 1263 4491 sagam,
1274 4426 1316 4476 alii
1329 4444 1382 4477 rua-

232 4491 348 4545 r'ucsncos,
384 4486 551 4537 hecatomben.
594 4486 711 4543 Mandaei,
745 4502 794 4552 qna
824 4487 1064 4555 trisnbripuissesus
1081 4488 1384 4556 icantnrlromines,genu·

234 4568 322 4626 nempe
343 4552 430 4601 mulier
450 4550 572 4617 impudica
593 4558 618 4601 et
637 4550 746 4617 improba
768 4560 796 4601 ut
827 4550 883 4601 inus
901 4553 991 4602 uentris
1010 4554 1046 4601 tui
1062 4505 1137 4602 llntns
1153 4566 1198 4612 est,
1214 4567 1385 4608 vereeventre

234 4616 575 4682 pudicaetprobalaudatur.
609 4616 644 4663 Tu
660 4618 755 4679 ριιᾰίσα,
768 4624 796 4665 tu
827 4623 869 4665 tuo
880 4616 959 4667 editus
969 4626 1022 4666 est:
1039 4628 1117 4667 center
1131 4637 1174 4685 pro
1190 4618 1258 4680 filio,
1274 4622 1385 4687 exempla

232 4683 305 4743 preto
326 4681 501 4729 Perambrrlubis
522 4689 586 4728 nstra
602 4682 666 4728 sidus
684 4696 793 4729 summ:
827 4681 877 4730 rid.
894 4682 960 4747 apud
977 4681 1058 4731 Bentl.
1097 4683 1209 4734 Ceterum
1226 4683 1385 4751 suspicionem

233 4760 279 4811 ego
291 4743 472 4796 tecarminibns
481 4742 540 4795 meis
551 4742 697 4811 utpudieem
707 4753 795 4811 etpro·
828 4745 903 4803 illam,
924 4762 975 4813 qua
992 4745 1096 4797 Canidia
1111 4748 1189 4800 filiam
1204 4766 1276 4800 suum
1293 4750 1384 4801 Pactu·
