3659 5892
682 538 847 612 LIBER
870 546 915 626 11,
939 552 970 613 2.

273 699 317 763 80
337 696 444 777 Alter,
460 696 518 763 ubi
533 698 621 763 dicto
636 697 732 763 citius
748 710 862 763 curata
876 700 988 784 sopori

335 800 488 867 Membra
502 801 605 879 dedit,
621 800 756 886 vegetus
771 802 966 886 praescripta
979 800 1022 865 ad
1036 801 1146 865 munia
1161 801 1276 885 surgit.

334 903 402 969 Hic
417 915 525 969 tamen
539 904 582 968 ad
597 902 711 967 melius
726 905 849 989 poterit
863 912 1087 969 transcurrere
1096 903 1272 990 quondam,

334 1006 410 1070 Sive
425 1006 512 1071 diem
526 1004 646 1071 festum
660 1006 790 1070 rediens
806 1005 976 1071 advexerit
990 1026 1106 1083 annus,

336 1108 404 1175 Seu
417 1130 565 1175 recreare
579 1106 666 1173 volet
681 1116 849 1173 tenuatum
863 1129 995 1192 corpus,
1011 1107 1109 1172 ubive

270 1210 313 1275 85
334 1209 505 1277 Accedent
519 1210 605 1288 anni,
620 1220 654 1275 et
669 1210 801 1279 tractari
816 1209 943 1275 mollius
958 1218 1038 1273 aetas

334 1312 502 1381 Imbecilla
515 1312 612 1378 volet.
658 1312 738 1379 Tibi
753 1312 908 1397 quidnam
922 1312 1057 1379 accedet
1071 1311 1114 1375 ad
1128 1309 1235 1388 istam,

336 1414 446 1489 Quam
457 1436 540 1500 puer
554 1424 588 1483 et
602 1413 729 1479 validus
743 1414 925 1499 praesumis,
940 1412 1116 1494 mollitiem,
1132 1434 1192 1477 seu

335 1515 433 1580 Dura
445 1515 597 1582 valetudo
612 1514 774 1594 inciderit,
790 1538 850 1581 seu
864 1516 960 1580 tarda
974 1519 1147 1581 senectus?
1216 1518 1222 1529 '

187 1702 192 1711 Ι
335 1616 520 1683 Rancidum
535 1640 650 1703 aprum
664 1618 789 1703 antiqui
802 1618 993 1696 laudabant,
1008 1640 1075 1681 non
1088 1618 1166 1704 quia
1179 1638 1279 1681 nasus

270 1719 314 1783 90
335 1718 402 1785 Illis
417 1720 524 1784 nullus
539 1729 626 1799 erat3
652 1719 722 1797 sed,
738 1721 848 1799 credo,
864 1719 927 1785 hac
941 1730 1060 1799 mente,
1076 1719 1167 1805 quod
1180 1719 1303 1804 hospes

336 1821 481 1885 Tardius
497 1822 672 1887 adveniens
687 1822 835 1889 vitiatum
850 1822 1061 1899 commodius,
1077 1842 1175 1905 quam

335 1922 503 2009 integrum
517 1925 603 1990 edax
618 1925 767 1989 dominus
782 1934 997 1991 consumeret
1041 1922 1117 1989 Hos
1130 1924 1255 1989 utinam
1269 1925 1354 1990 inter

337 2023 468 2091 Heroas
482 2038 593 2091 natum
607 2026 723 2091 Tellus
738 2048 789 2092 me
804 2028 909 2112 prima
922 2026 1069 2091 tulisset!

336 2125 408 2192 Das
423 2127 546 2212 aliquid
561 2128 665 2206 sumre,
679 2152 754 2213 quae
766 2128 907 2193 carmine
922 2129 1046 2213 gratior
1059 2149 1172 2194 aurem

270 2228 314 2292 95
336 2228 489 2314 Occupet
502 2230 697 2295 humanam?
739 2229 893 2295 Grandes
908 2228 1037 2295 rhombi
1050 2231 1236 2315 patinoeque

251 2430 289 2472 ne,
300 2430 353 2464 mm
367 2426 503 2479 pomam,
514 2419 598 2466 cedere
614 2428 671 2468 tunc
684 2422 760 2467 duca
770 2434 810 2467 va·
877 2418 919 2467 80.
936 2417 1006 2467 Dicto
1022 2420 1105 2467 citius:
1123 2417 1162 2467 ba
1173 2432 1243 2467 voces
1256 2432 1305 2466 non
1320 2418 1350 2466 ad
1361 2434 1403 2467 vo·

250 2490 324 2529 earet.
844 2494 895 2531 tem
906 2484 990 2545 iconi,
1001 2482 1045 2533 sed
1056 2482 1087 2531 ad
1098 2491 1181 2531 curata
1191 2485 1291 2530 membru
1300 2482 1403 2531 refersn-

284 2545 325 2593 6θ.
352 2543 461 2605 umam,
477 2546 546 2597 sorde
566 2544 733 2613 inquinatam
756 2544 812 2595 binc
844 2545 883 2595 dre
893 2553 965 2607 sunt,
982 2562 1058 2596 sermo
1067 2548 1118 2613 jam
1129 2556 1166 2595 est
1178 2546 1209 2595 de
1226 2561 1297 2597 coena
1307 2546 1402 2611 frugali,

251 2608 342 2659 inum
359 2608 499 2660 servisset.
518 2610 545 2667 ii,
557 2613 583 2669 ⁴,
594 2612 636 2668 78,
655 2610 747 2675 Magno
765 2628 811 2660 mc·
844 2626 900 2723 ῗιιε
915 2628 981 2660 cene
996 2614 1071 2659 dobin
1083 2611 1227 2676 opponitur;
1242 2620 1297 2676 post
1307 2626 1404 2660 coeuam

251 2683 304 2723 unt
327 2674 437 2723 monacho
455 2676 570 2741 fastidia,
591 2692 631 2725 seu
655 2692 716 2739 puer
735 2678 812 2725 unctis
854 2676 961 2739 rugalem
975 2674 1122 2725 dictocitius
1136 2684 1255 2741 peractam
1272 2682 1405 2724 somnuset

253 2738 372 2817 Tractccit
387 2740 481 2789 colicon
497 2744 610 2799 manibus,
623 2742 679 2789 dum
686 2740 762 2806 sarto
780 2742 810 2788 li·
843 2738 940 2805 placida
949 2740 1019 2803 quies
1028 2740 1132 2817 capitur.
1370 2803 1375 2815 .

249 2814 419 2916 3113?an
435 2884 479 2927 res,
495 2868 562 2918 varia
579 2868 686 2919 cibamur
704 2883 808 2933 gouera3
841 2804 1327 2934 vebissifqdibidieiicffimbiii?
1335 2818 1402 2925 iiiiii

251 2946 282 2998 op
314 2931 549 2996 nituresccrimpler.
841 2932 927 2999 poterit
936 2934 1081 2996 (quosdam)
1098 2946 1271 2999 nonnunquam
1282 2943 1403 2981 manam-
1498 2928 1520 2949 ''
1534 2920 1551 2939 ⁸

300 2998 378 3061 2sqq.
389 2997 524 3053 Eschuae
533 2999 627 3061 simplex
634 2998 687 3046 olim
698 2998 808 3046 tiliseds·
841 3012 893 3045 sere
909 2999 940 3045 ad
956 2998 1046 3054 melius,
1057 2997 1158 3046 transire
1173 2998 1204 3046 ad
1214 2997 1304 3047 victum
1320 2998 1402 3046 melio·

250 3064 293 3117 rit,
300 3060 326 3109 in
335 3062 484 3113 stomachum
490 3061 594 3112 dmuissa
605 3062 666 3111 mbrl
676 3061 710 3109 rbr
722 3062 808 3111 moles·
840 3076 890 3111 rem
908 3061 960 3111 sire
976 3061 1110 3118 lautiorem,
1127 3061 1214 3127 poterit
1230 3076 1405 3126 nonuunquam

250 3124 290 3175 tim
306 3134 333 3174 et
348 3125 414 3175 tedii
429 3125 584 3187 excitaverim
606 3125 686 3176 tenuis
704 3124 767 3174 enim
786 3134 811 3175 et
842 3125 932 3175 leutius
943 3126 1029 3175 vivere.

250 3188 524 3256 simplexmetusquicte
535 3192 617 3241 etsins
627 3190 737 3239 molesb'a
745 3189 811 3239 sedet
875 3193 917 3240 at.
935 3190 1073 3246 Tannetum,
1085 3198 1234 3241 attenuatum
1248 3188 1368 3239 labon'bus
1379 3199 1404 3239 et

249 3252 275 3303 iu
290 3254 426 3305 stomacho:
447 3270 500 3313 nos,
511 3256 616 3322 cinfccbe
627 3256 711 3317 Spem,
722 3256 759 3302 dis
770 3258 810 3303 dir
842 3254 985 3304 exhaustum
1012 3254 1110 3304 viribus.
1158 3257 1251 3305 Notum
1279 3265 1316 3304 est
1341 3255 1403 3303 illud

249 3329 310 3367 urst
326 3322 521 3368 woblbeircmmen
534 3324 573 3369 itt.
605 3321 637 3367 Ar
652 3320 808 3377 simul,cett.,
843 3318 925 3369 Ovidii
942 3320 986 3383 (de
1005 3318 1131 3368 Artdm.
1150 3320 1167 3378 i,
1183 3321 1255 3384 736),
1273 3322 1404 3368 Attenuant

249 3390 275 3431 at
292 3384 313 3431 si
329 3383 392 3433 elixa
408 3384 480 3433 simul
498 3384 567 3444 assis,
584 3383 710 3449 conchylia
728 3384 810 3447 (Mus-
835 3388 952 3447 Juvenum
973 3386 1077 3449 vigilate
1103 3401 1198 3447 corporo
1219 3394 1302 3433 nomer.
1345 3384 1403 3441 Pro,

248 3446 499 3507 chein)simulturdis
513 3448 653 3497 miscuerisr
671 3448 697 3495 in
714 3452 810 3497 mitcus-
842 3450 928 3512 ubiquc
951 3447 1079 3512 legendum
1104 3463 1158 3498 esse
1183 3452 1251 3499 ubios
1277 3449 1342 3514 (pro,
1365 3448 1405 3496 rel

250 3515 284 3560 ris
304 3512 390 3561 ultima
410 3512 506 3578 syllaba
525 3528 567 3578 per
588 3528 704 3563 caesuram
724 3512 810 3579 produ·
843 3512 955 3625 Ἇιιιῑιάο)
987 3512 1144 3577 conjeceram,
1173 3522 1301 3578 antequam
1335 3520 1403 3561 notas

249 3575 321 3625 citur.
868 3576 951 3627 euticii
960 3576 998 3625 ius
1030 3576 1069 3625 xir
1086 3576 1314 3643 ci.sup.adv.42.

284 3641 325 3691 76.
342 3642 444 3699 Pituita,
465 3640 541 3689 tribus
561 3640 662 3707 syllabis
682 3640 811 3707 pronunci-
876 3642 983 3691 86-88.
1020 3642 1053 3689 ibi
1063 3643 1182 3705 quidnam,
1192 3649 1249 3690 cett.
1277 3640 1404 3699 Quomodo

250 3705 350 3763 andum,
362 3713 390 3753 ut
399 3705 443 3755 ini.
455 3705 536 3771 Epist:
545 3705 562 3763 i,
576 3708 599 3762 l,
612 3721 674 3756 vers.
685 3706 731 3754 ult.
843 3706 877 3755 ed
894 3706 1028 3755 molliorem
1044 3706 1126 3763 vium,
1143 3722 1215 3771 quam
1233 3706 1284 3771 jam
1303 3721 1362 3771 puer
1379 3712 1405 3755 et

284 3772 327 3820 77.
345 3771 415 3819 Genu
433 3772 514 3827 dubio,
528 3771 559 3819 ob
578 3784 690 3835 magnam
708 3768 812 3817 lautissi·
846 3780 915 3820 etate
940 3769 1055 3820 validiore
1098 3769 1200 3837 recipis,
1223 3786 1286 3819 nova
1308 3768 1352 3817 tibi
1378 3770 1403 3818 iu

251 3849 344 3883 marum
365 3836 491 3901 epularum
511 3834 614 3901 copiam,
637 3836 680 3883 ubi
702 3832 811 3890 conviva,
843 3837 927 3884 morbo
945 3835 1028 3899 aliquo
1046 3788 1125 3883 velpin
1146 3842 1269 3885 senectute
1291 3834 1404 3883 accedere

285 3899 310 3948 id
325 3900 475 3966 potissimum
491 3908 578 3956 sumat,
595 3898 705 3949 dubitet:
722 3898 811 3947 locutio
844 3908 922 3973 potest
939 3897 1098 3964 jucunditasl
1126 3914 1182 3947 nam
1199 3899 1340 3969 jucunditas
1360 3898 1403 3947 illa

267 3964 397 4013 'cmnbuna
408 3965 507 4013 Phorm.
517 3963 544 4021 ii,
555 3966 581 4021 2,
593 3964 634 4011 76.
840 3979 892 4029 jam
903 3972 1020 4030 precepta
1029 3971 1074 4013 est.

285 4030 325 4077 78.
346 4028 423 4085 Vitiis,
435 4028 537 4078 suaviter
547 4026 663 4084 dte-cibis,
675 4025 717 4092 qui
728 4032 813 4092 preter
876 4030 983 4079 90-92.
1001 4029 1084 4086 Credo,
1103 4035 1131 4077 ut
1147 4022 1212 4091 mito,
1230 4030 1326 4084 scilicet,
1339 4030 1403 4075 vids·

252 4092 349 4141 modum
361 4102 497 4141 sumuntur.
847 4094 908 4150 licet,
925 4093 956 4141 de
971 4093 1043 4142 rebus
1058 4108 1119 4169 quas
1133 4092 1248 4143 ridemus.
1282 4094 1404 4147 vitiatum,

285 4158 326 4206 79.
343 4158 435 4207 Divinae
454 4158 596 4220 particulam
617 4172 689 4213 aare,
707 4152 814 4204 coelcstis
845 4156 904 4209 vitio
923 4157 982 4204 mali
1004 4156 1083 4205 odona
1103 4166 1249 4224 corruptum,
1271 4155 1406 4205 rancidum.

252 4220 351 4285 originis
377 4222 494 4270 animum.
527 4222 584 4270 Jam
605 4220 762 4287 Pythagoras,
787 4226 813 4268 et
846 4222 998 4277 Commodias,
1009 4220 1174 4287 opportunius,
1186 4238 1217 4273 ne
1226 4221 1329 4277 deesset,

252 4294 307 4351 post
317 4300 373 4334 eum
384 4285 603 4341 Stoicifbominum
618 4285 711 4335 animos
724 4282 813 4331 divine
844 4284 959 4333 domiuus
964 4295 1093 4350 apponeret
1102 4285 1193 4335 tardius
1203 4284 1340 4337 advenienti

253 4350 341 4400 mentis
355 4358 380 4399 et
396 4351 481 4399 anima
499 4346 583 4398 mundi
597 4348 642 4399 urr'
659 4366 726 4414 ματα
744 4347 812 4412 quasi
844 4350 897 4461 riti,
909 4348 1038 4415 precipue,
1050 4348 1115 4414 quod
1128 4350 1221 4400 rancidi
1237 4350 1289 4417 apri
1302 4364 1357 4398 caro
1374 4348 1405 4397 ad

252 4422 277 4463 at
294 4413 550 4479 decenduuarocssc
564 4421 641 4463 statue
690 4420 709 4461 l.
743 4411 813 4476 virg.
854 4414 957 4462 autiores
977 4414 1062 4480 opulas
1082 4414 1234 4464 referebatur.
1275 4414 1406 4476 integrum,

254 4480 315 4528 AEn.
337 4479 371 4537 vi,
394 4480 450 4537 730,
473 4479 558 4542 lgneus
580 4488 612 4526 cst
631 4480 683 4527 ollis
703 4480 727 4525 oi
744 4492 770 4525 or
791 4485 813 4525 et
845 4488 974 4534 recentem,
994 4478 1099 4527 nondum
1118 4478 1249 4539 vitiatum
1272 4494 1329 4527 nam
1350 4492 1408 4544 sper

252 4544 347 4593 celestis
364 4546 428 4609 origo
444 4543 581 4600 Serninibus,
598 4542 641 4589 ubi
661 4540 709 4591 rid.
726 4494 813 4606 ileyu.
845 4545 935 4655 iatessss·
945 4542 1072 4608 opponitur
1080 4546 1185 4593 mucido.

252 4615 278 4657 et
289 4607 401 4657 Lambiu.
409 4607 441 4656 ad
451 4607 477 4656 b.
484 4608 503 4656 l.
511 4614 536 4657 et
546 4622 601 4671 quse
611 4606 668 4655 olim
678 4606 813 4655 notavimus
877 4608 893 4655 9
912 4642 920 4663 ,
931 4609 973 4657 93.
990 4608 1039 4655 llos
1052 4609 1217 4658 “liliuminter
1227 4608 1407 4657 Hermerotem

253 4670 279 4721 in
298 4670 596 4738 Eclogaveud’oettad
609 4670 813 4726 silletum,
848 4671 971 4719 Telmesus
985 4674 1063 4735 priora
1080 4673 1185 4721 tulisset!
1219 4671 1318 4721 Utinam
1333 4669 1407 4717 viris-

253 4738 347 4802 patu.
832 4748 897 4846 brem
920 4742 990 4785 etate
1011 4735 1055 4785 illa
1075 4735 1183 4785 mmai!
1224 4734 1254 4784 Id
1276 4750 1324 4783 non
1346 4735 1408 4783 serio

310 4847 315 4854 .
807 4816 821 4847 a
858 4802 875 4847 7
