3659 5892
583 941 971 1048 PRAEFATIO

517 1251 764 1306 EDlTIONlS
793 1253 1033 1306 SECUNDAE.

195 1695 316 1760 Pauor
343 1707 421 1762 sunt
450 1717 527 1780 quae
554 1693 596 1758 de
623 1692 685 1758 hac
711 1695 851 1778 repetita
878 1692 1011 1760 Horatii
1034 1695 1186 1762 Oderunt
1210 1699 1354 1768 editione

196 1815 359 1878 monenda
379 1813 546 1878 videntur.
590 1810 688 1888 Nam,
712 1833 786 1896 qure
809 1813 1014 1898 potissimum
1037 1817 1262 1900 spectaverint,
1281 1839 1356 1884 cum

193 1931 337 2016 primum
352 1930 395 1995 ad
410 1930 577 1996 edendum
592 1929 768 1994 Horatium
782 1933 924 1997 animtmr
937 1933 1148 2019 appellerem,
1163 1945 1199 2000 et
1215 1940 1355 2020 quoium

194 2051 271 2114 usui
295 2050 445 2134 inprimis
468 2049 633 2134 adjectum
654 2049 920 2114 commentarium
938 2051 1180 2130 destinaverim,
1191 2055 1261 2138 jam
1278 2053 1355 2118 olim

194 2169 229 2234 in
265 2167 461 2253 praefatione
490 2168 604 2252 primae
632 2166 769 2231 editioni
805 2169 974 2252 praemissa
1006 2171 1172 2255 copiosius
1204 2173 1354 2257 exposui.

194 2287 270 2352 Nec
289 2307 343 2350 me
362 2284 487 2349 frustra
509 2283 544 2348 id
565 2283 693 2362 iecisse,
708 2307 752 2350 ex
772 2286 928 2369 aequiore,
943 2289 1034 2371 quod
1054 2291 1132 2356 inde
1145 2289 1291 2356 nonnulli
1312 2291 1357 2356 de

193 2403 419 2488 qualicunque
448 2424 520 2468 mea
550 2400 690 2467 Horatio
723 2404 872 2487 praestita
908 2427 1011 2490 opera
1046 2407 1202 2484 tulerunt,
1228 2407 1355 2492 judicio

193 2521 356 2586 intellexi.
404 2522 535 2594 Quodsi
558 2521 658 2605 igitur
680 2520 821 2586 sortasse
846 2533 955 2600 erunt,
978 2523 1036 2608 qui
1059 2523 1103 2588 de
1125 2523 1188 2588 hac
1210 2529 1356 2592 secunda

193 2661 327 2724 quoque
340 2639 477 2704 Horatii
488 2638 672 2703 carminum
689 2637 882 2724 Lyricorum
897 2640 1042 2707 editione
1056 2643 1249 2708 sententiam
1263 2665 1355 2708 suam

194 2757 429 2843 pronuncient,
453 2779 521 2834 eos,
541 2779 582 2820 ne
605 2756 742 2835 consilii,
766 2758 856 2840 quod
879 2758 913 2823 in
940 2759 1083 2825 Horatio
1107 2761 1354 2845 interpretando

194 2887 329 2941 secutus
355 2897 439 2952 sum,
454 2875 655 2940 immemores
675 2875 751 2952 sint,
768 2877 865 2941 etiam
880 2887 980 2962 atquc
994 2881 1093 2944 etiam
1105 2880 1245 2945 monitos
1259 2901 1354 2965 roga-

194 3005 311 3078 tosque
327 2993 451 3059 habeo.
480 2992 642 3058 Versatur
658 3003 766 3058 autem
782 3013 853 3058 sum
867 2995 900 3058 in
915 2996 967 3073 iis,
983 3017 1058 3080 quae
1072 2995 1148 3062 olim
1161 2997 1289 3083 scripsi,
1304 3020 1355 3064 re·

194 3111 437 3198 cognoscendis
460 3112 517 3187 ita,
533 3121 571 3174 ut
589 3111 711 3194 passim
731 3109 796 3176 alia
816 3111 1031 3192 immutarem,
1046 3113 1111 3178 alia
1133 3115 1355 3192 breviandis

192 3231 355 3296 disertius
382 3227 592 3312 explicarem,
619 3227 682 3294 alia
707 3229 805 3314 plane
827 3229 983 3310 delerem,
1006 3233 1071 3298 alia
1093 3234 1228 3300 adrem
1251 3233 1355 3318 magis

192 3347 426 3414 illustrandam
448 3345 617 3411 afferrem:
648 3369 691 3412 ne
712 3345 831 3412 multa!
859 3345 924 3415 ieci
948 3351 1040 3434 quod
1064 3351 1144 3416 milri
1169 3349 1353 3416 iaciendum

193 3491 265 3534 esse
278 3465 413 3553 putavi,
428 3464 479 3528 vel
492 3485 555 3548 pro
569 3463 684 3530 virium
699 3487 843 3530 mearum
856 3466 991 3532 modulo
1004 3467 1113 3535 facere
1127 3470 1232 3556 potui.
1278 3467 1352 3533 Nec

194 3585 297 3650 defuit
311 3583 410 3660 mihi,
426 3603 523 3666 quam
537 3582 570 3644 in
583 3591 695 3666 partes
711 3603 870 3660 vocarem,
882 3605 967 3649 nova
981 3585 1114 3650 Horatii
1129 3585 1238 3650 Carm.
1251 3584 1351 3650 Libb.

191 3703 236 3781 V,
249 3727 268 3767 a
280 3700 545 3784 Vanderburgio
560 3698 715 3781 (Lutetiis
731 3699 943 3778 Parisiorum,
958 3701 1052 3786 1812)
1067 3704 1225 3768 adornata
1238 3703 1350 3768 editio.

193 3821 349 3887 Ceterum
370 3841 439 3903 quo
458 3817 588 3902 gravior
607 3816 686 3882 mihi
708 3828 760 3882 est
778 3818 956 3882 auctoritas
975 3841 1098 3896 eorum,
1114 3821 1171 3903 qui
1185 3819 1229 3884 ad
1243 3831 1353 3886 cetera

194 3938 325 4004 Horatii
338 3937 498 4002 Carmina
507 3933 602 3998 simili
612 3934 881 4019 interpretatione
892 3935 1085 4001 instruenda
1094 3958 1145 4002 me
1156 3938 1352 4014 excitarunt,

193 4077 233 4120 eo
257 4057 386 4142 majore
415 4053 578 4120 industria
607 4061 706 4138 atque
732 4050 888 4140 religione
918 4051 1019 4119 fidem
1040 4053 1109 4142 jam
1138 4052 1214 4118 olim
1243 4055 1352 4122 datam

193 4175 372 4240 exsolvam.

237 4410 373 4486 Gothae,
391 4429 507 4473 mense
523 4405 614 4492 Sept.
633 4427 814 4472 nncccxrv.

1019 4644 1261 4712 DOERING.
1306 4661 1310 4666 ·
