3659 5892
475 521 540 587 342
886 520 1210 587 SATIRARUM

560 670 680 736 Maluit
695 694 767 737 esse
782 672 901 738 Deum.
949 673 1044 739 Deus
1058 674 1136 739 inde
1150 696 1225 759 ego,
1240 672 1350 741 mrum
1363 673 1540 758 aviumque

560 772 708 837 Maxima
721 773 877 853 formid03
900 796 974 838 nam
989 774 1078 840 liures
1094 776 1212 840 dextra
1226 786 1368 853 ooeroet,

519 873 540 937 5
562 874 782 961 Obscenoqne
798 878 897 941 ruber
911 886 1083 960 porrectus
1097 879 1139 942 ab
1154 878 1288 962 inguine
1302 876 1417 961 palus,

559 974 624 1040 Ast
638 978 838 1061 importunas
854 978 1001 1042 volueres
1017 979 1050 1042 in
1065 979 1187 1043 vertice
1201 979 1330 1043 arundo

559 1078 679 1144 Terret
693 1080 771 1157 lira,
787 1090 939 1163 vetatque
953 1080 1045 1143 novis
1060 1080 1230 1145 considere
1246 1080 1280 1141 in
1292 1078 1409 1143 hortis.

559 1180 637 1245 Huc
653 1182 743 1265 prius
758 1182 906 1265 angustis
920 1181 1026 1264 ejecta
1040 1181 1201 1245 cadavera
1212 1180 1302 1245 cellis

559 1281 745 1347 Conservus
760 1282 814 1347 vili
828 1281 991 1366 portanda
1004 1281 1135 1347 locabat
1149 1282 1182 1345 in
1198 1304 1285 1347 arca

496 1384 536 1448 10
548 1382 634 1449 'Hoc
648 1384 774 1448 misene
788 1383 877 1469 plebi
893 1384 1002 1447 stabat
1016 1404 1186 1447 commune
1197 1380 1396 1467 sepulcrum,

560 1486 741 1551 Pantolabo
758 1508 889 1563 scurras,
905 1484 1181 1569 Nomentanoque
1195 1486 1319 1569 nepoti.

557 1588 650 1652 Mille
665 1588 767 1672 pedes
783 1589 816 1651 iu
831 1585 950 1664 fronte,
966 1595 1131 1651 trecentos
1146 1586 1263 1670 cippus
1278 1587 1312 1649 in
1326 1608 1442 1671 agrum

556 1690 623 1755 Hic
638 1691 755 1769 dabat3
778 1689 927 1754 haeredes
942 1698 1184 1753 monumentum
1198 1709 1240 1751 ne
1254 1699 1459 1772 sequeretur.

555 1792 656 1858 Nunc
670 1793 746 1857 lieet
761 1790 927 1876 Exquiliis
941 1789 1091 1855 habitare
1106 1788 1304 1865 salubribus,
1318 1800 1418 1872 atque

493 1896 533 1959 15
555 1892 688 1978 Aggere
704 1894 737 1957 in
752 1895 862 1978 aprico
878 1892 1024 1977 spatiari,
1040 1914 1106 1975 qua
1120 1891 1218 1956 modo
1232 1892 1344 1955 tristes

555 1994 651 2061 Albis
667 1994 834 2060 informem
850 1995 1043 2079 spectabunt
1057 1994 1187 2057 ossibus
1203 2015 1329 2077 agrurn,

555 2098 667 2172 Quum
682 2096 760 2161 milri
776 2118 842 2161 non
856 2106 982 2159 tantum
997 2094 1152 2179 furesque
1167 2092 1324 2177 fereque,
1339 2104 1446 2159 suetoe

469 2250 567 2299 Grecos
578 2247 649 2295 homo
658 2244 747 2295 nullius
756 2244 829 2310 lurgis
837 2244 904 2310 ἀνὴρ
912 2243 1028 2303 elusor.-
1094 2244 1135 2293 10.
1150 2244 1241 2301 Stabat,
1263 2242 1408 2293 destinatum
1430 2252 1490 2302 erut,
1515 2248 1625 2311 petebas,

470 2314 502 2362 ol.
516 2312 628 2361 Lambin.
1062 2308 1184 2356 Commune
1193 2309 1334 2370 oepnlmnsm,
1347 2309 1425 2365 loeus,
1437 2310 1480 2357 ubi
1495 2310 1625 2362 infimior.

501 2380 525 2426 3.
553 2378 643 2424 Forum
664 2378 798 2437 aviumque:
822 2372 893 2437 Virg.
912 2372 975 2421 Geo.
993 2369 1025 2428 iv,
1058 2370 1122 2420 dinis
1138 2371 1247 2421 homines
1259 2374 1418 2422 communiter
1432 2374 1625 2439 sepeliebantur,

470 2443 526 2499 110,
549 2442 580 2489 lle
602 2450 675 2488 erutos
685 2439 774 2503 flamna
793 2447 861 2499 atque
879 2439 958 2484 ouium
975 2453 1028 2483 cum
1059 2436 1230 2500 sepulcretum.
1277 2436 1392 2486 Catullus
1424 2438 1516 2501 Ττιῄαιιι
1551 2452 1626 2491 νοω

460 2506 528 2570 jalce
549 2507 639 2567 saligna
660 2504 839 2564 Hellespontiaci
858 2510 931 2549 seruet
952 2502 1027 2547 tutela
1057 2503 1118 2549 Asie
1151 2501 1293 2564 Europeque
1324 2518 1441 2550 somniuae
1478 2504 1622 2565 apuleam,

468 2570 562 2632 Priapi.
587 2568 806 2631 llloaisnajbrniido,
818 2565 860 2631 qul
875 2580 953 2613 essem
968 2564 1027 2611 luri·
1056 2564 1135 2619 lxviii,
1147 2567 1188 2613 89.

467 2634 513 2681 bus
540 2642 612 2698 atque
639 2634 723 2680 avibus
751 2631 861 2679 maxime
891 2627 1011 2677 formidini
1018 2645 1026 2687 ς
1093 2630 1132 2677 11.
1145 2630 1272 2677 Pantolabo
1282 2646 1377 2685 marre,
1386 2630 1623 2693 b'omeatonoquesee·

466 2696 575 2747 similiter
591 2698 615 2744 in
633 2712 657 2744 re
676 2694 799 2743 uenatoria
815 2696 875 2741 linea
894 2692 945 2741 sius
960 2691 1025 2739 luni·
1055 2696 1114 2755 poti,
1126 2692 1545 2757 velhomiuibus,qualisestseuna
1553 2696 1623 2746 Pun-

467 2762 537 2811 cnlus
553 2770 665 2811 extensus
679 2768 703 2809 et
719 2758 804 2823 pennis
819 2758 947 2805 distinctus
958 2757 1025 2819 (nos,
1058 2756 1155 2805 tolubus
1178 2765 1204 2805 et
1225 2758 1392 2805 Nomentanus
1414 2772 1504 2822 nepos,
1520 2769 1624 2824 uterque

467 2826 638 2887 licissimum)
659 2823 690 2872 ad
710 2822 856 2871 formidinem
878 2820 932 2869 ieris
953 2820 1023 2867 ineu·
1056 2820 1120 2869 enim
1140 2829 1191 2869 tum
1209 2820 1288 2869 adhue
1307 2821 1411 2877 vivebat,
1428 2832 1456 2871 ut
1473 2833 1572 2887 apparet
1589 2842 1623 2875 ex

467 2890 571 2937 tiendum
589 2887 727 2954 simpliciter
741 2887 828 2935 dicitur
838 2886 958 2951 jormido:
975 2882 1024 2933 vid.
1057 2884 1183 2941 Sat.ii,l,
1199 2886 1238 2934 19.
1271 2887 1310 2933 De
1327 2886 1454 2933 Pantolabo
1465 2887 1622 2940 Scholder.

468 2954 540 3001 Ouid.
563 2955 628 3003 Fast.
651 2968 674 3008 v,
697 2952 751 3007 173,
775 2952 838 2999 Dum
860 2967 916 2997 trouu
940 2950 1025 3012 lanugo
1057 2958 1083 2997 et
1097 2949 1199 3014 Porpb„
1217 2950 1274 2998 Fuit
1290 2950 1388 2997 Mallias
1403 2952 1478 2998 l'eruo
1494 2962 1560 2999 trous
1576 2954 1618 3001 Ti·

465 3020 695 3083 puuidoslorniidiue
711 3032 785 3063 essuos
803 3023 890 3063 temet:
907 3013 940 3062 cl.
955 3014 1026 3062 Grat.
1057 3016 1129 3061 bes-im
1140 3016 1247 3076 ingenuis
1261 3016 1396 3076 parasitibus
1413 3028 1490 3071 natus,
1501 3019 1552 3077 qui,
1564 3021 1623 3079 qnia

469 3084 562 3148 Cyneg.
576 3100 597 3129 u.
610 3084 650 3137 74,
663 3079 731 3129 stibi
745 3078 879 3127 Burthium.
1057 3096 1073 3124 o
1085 3080 1164 3125 miultis
1176 3081 1298 3139 pecaniam
1314 3088 1418 3125 mutuam
1433 3096 1461 3127 ro
1477 3082 1540 3137 obal,
1555 3082 1621 3131 l'an-

499 3150 524 3195 4.
543 3150 641 3201 laun-u.
660 3160 708 3219 qua
731 3145 828 3193 tenebat
851 3141 954 3206 Priapus
966 3140 1024 3205 sus·
1057 3144 1147 3190 solutas
1168 3151 1200 3189 est
1222 3145 1403 3206 ragisoniinatas.
1472 3154 1621 3194 οιιιειιιιιιιιιιιι

467 3222 520 3267 tan,
544 3212 591 3267 uel,
614 3220 642 3259 ut
666 3226 691 3257 ιιι
717 3208 813 3255 laudato
839 3206 893 3255 loco
920 3205 1026 3261 Viroilii,
1058 3206 1174 3254 Horatius
1186 3206 1239 3270 jam
1254 3222 1308 3271 sup.
1318 3208 1370 3253 Sat.
1381 3206 1398 3263 i,
1413 3209 1437 3262 1,
1450 3210 1506 3264 105,
1520 3225 1622 3271 wopam

458 3276 549 3341 jalcens
569 3278 692 3338 salignam.
727 3274 814 3327 linter,
836 3268 910 3317 minio
933 3246 1023 3317 oblitus
1053 3280 1076 3317 et
1090 3272 1223 3318 nsbnlonem
1237 3270 1382 3343 appellavit,
1399 3272 1622 3335 moute-eundem

467 3348 491 3389 et
513 3340 662 3388 rubefactus:
691 3335 764 3385 Ovid.
785 3336 851 3383 Fut.
873 3333 891 3389 i,
911 3334 969 3388 415,
989 3336 1022 3382 At
1048 3334 1179 3382 'voeatinl
1191 3335 1279 3390 Satri,
1295 3337 1317 3391 l,
1327 3336 1370 3389 22,
1383 3337 1436 3383 Sat.
1446 3335 1473 3392 ii,
1483 3337 1509 3392 3,
1520 3337 1580 3385 224.

467 3408 537 3452 ruber
548 3406 663 3451 liortonun
674 3404 759 3449 denset
771 3402 854 3454 tutelo,
867 3399 978 3459 Priapus.
1092 3400 1132 3454 12,
1148 3400 1183 3446 13.
1202 3400 1306 3447 Sensus:
1325 3398 1372 3447 llic
1387 3398 1428 3459 (in
1448 3398 1494 3449 boe
1511 3400 1575 3457 loeo,
1591 3402 1621 3451 in

499 3470 524 3517 6.
541 3471 647 3522 Arunda,
658 3465 765 3528 intelligo
779 3478 891 3511 coronam
906 3476 937 3509 er
952 3476 1023 3509 urun-
1057 3461 1187 3526 Esquiliis)
1202 3466 1284 3525 cippus
1294 3462 1451 3525 (columella)
1463 3466 1533 3512 dotat
1544 3466 1619 3529 (eon-

466 3532 532 3589 dine,
557 3530 698 3580 fasciculum
721 3526 854 3583 arundinis,
877 3542 931 3591 qum
952 3534 1024 3576 vento
1055 3525 1164 3583 cedebat,
1192 3526 1335 3589 designabat
1361 3526 1466 3591 spatium
1492 3529 1552 3601 egri,
1575 3531 1620 3594 qni

467 3598 556 3662 agitata
567 3604 648 3661 crepat
658 3594 797 3658 rumpitque.
1055 3604 1124 3639 sacer
1139 3599 1203 3639 esset
1219 3591 1341 3639 communi
1358 3590 1548 3655 repeteremus
1562 3595 1619 3658 qui.

501 3664 524 3711 7.
543 3662 612 3709 lionis
625 3662 649 3707 in
661 3660 742 3707 hortis:
762 3654 845 3705 schol.
853 3654 941 3731 Cruq..
950 3670 1024 3714 nopes·
1054 3652 1118 3710 dem,
1130 3663 1159 3703 ut
1169 3653 1230 3703 illud
1239 3654 1343 3719 spatium
1355 3656 1386 3702 ab
1394 3664 1494 3705 externa
1503 3661 1620 3721 parts)s'n

468 3746 482 3776 a
506 3728 630 3775 Ma'rennle
648 3725 770 3771 institutis.
804 3722 880 3768 Antea
900 3720 1023 3780 Esquilino
1048 3718 1131 3782 fronte
1151 3720 1218 3781 (nos,
1238 3721 1264 3766 in
1283 3721 1326 3766 des·
1345 3718 1437 3781 Breile)
1458 3723 1522 3769 mille
1540 3726 1618 3783 pedes,

467 3795 532 3855 ragio
541 3791 650 3851 septussis
666 3804 781 3835 servornm
793 3794 814 3832 et
825 3787 959 3831 miserorum
974 3794 1025 3831 erat
1056 3782 1122 3845 quod
1137 3798 1192 3832 vero
1209 3793 1356 3848 pmcurreret
1372 3786 1398 3832 in
1414 3800 1499 3847 agrum
1511 3785 1578 3848 (nos,
1592 3789 1618 3836 in

468 3858 594 3904 dedicata:
629 3852 741 3900 ulmam
766 3859 852 3904 utitem,
880 3850 1025 3896 eotisiderans
1056 3851 1098 3893 der
1114 3847 1191 3912 Tisse)
1207 3857 1318 3895 trecentos
1333 3851 1398 3908 pedes
1413 3848 1555 3904 eontineret,
1571 3850 1620 3901 hae

468 3922 529 3968 aeris
546 3920 713 3971 salubritatem,
735 3916 809 3963 toria
831 3928 855 3961 so
875 3912 922 3959 loco
941 3916 1024 3960 eonsti-
1058 3909 1154 3975 adjecta
1170 3909 1317 3967 conditione,
1334 3912 1429 3960 heredes
1445 3924 1619 3963 morianensem

470 3988 525 4031 snit.
1057 3992 1086 4023 ne
1111 3986 1252 4037 sequeremur,
1279 3975 1305 4023 h.
1325 3990 1348 4023 o.
1369 3991 1400 4024 ne
1427 3976 1472 4025 boe
1496 3986 1618 4027 sacratum

501 4050 526 4095 8.
549 4046 629 4101 Prius,
651 4040 717 4099 olim,
739 4050 866 4105 numquam
889 4038 970 4088 hortos
990 4037 1026 4087 ibi
1057 4038 1396 4088 monumentumadbaredes
1412 4041 1618 4105 perveniret,sivs

469 4111 625 4159 adornaverat
636 4108 775 4165 lllmcenns3
791 4110 870 4168 queso,
882 4104 985 4169 graviter
994 4103 1025 4152 ud
1057 4118 1088 4151 ne
1098 4103 1157 4168 quid
1164 4103 1226 4168 juris
1233 4103 1259 4150 in
1266 4104 1311 4151 hoc
1318 4112 1498 4154 mouumentum
1511 4105 1618 4157 herodes

468 4178 577 4224 miseram
594 4179 680 4221 sortem
698 4170 878 4233 designandam,
895 4184 943 4232 qua
962 4175 1025 4215 tiae-
1057 4166 1183 4217 haberent.
1212 4170 1299 4229 Cinna
1313 4166 1364 4230 jam
1382 4177 1419 4217 est
1435 4168 1572 4225 columella,
1590 4169 1618 4222 in

469 4244 582 4288 labantur
608 4235 669 4285 servi
696 4234 733 4283 vel
759 4248 878 4283 servorum
906 4246 1025 4297 corpora,
1058 4247 1108 4296 qus
1135 4234 1194 4281 fines
1220 4231 1260 4280 vel
1283 4231 1380 4281 termini
1406 4233 1466 4295 agri,
1493 4236 1617 4283 communi

467 4308 539 4361 sellis,
561 4302 591 4352 de
611 4301 666 4349 loro
690 4298 797 4355 metiore,
821 4298 864 4346 ubi
885 4304 959 4345 strata
979 4311 1025 4345 sua
1056 4294 1190 4361 sepulcreto
1211 4294 1296 4353 diroti,
1318 4294 1430 4378 descriqti
1452 4305 1478 4345 et
1496 4297 1617 4362 designati

470 4365 669 4418 habebantservi.
1057 4359 1616 4423 luerunl30tquidemsic,llt.FR.P.·—1N.

502 4436 527 4483 9.
556 4434 696 4480 corruerunt:
723 4426 806 4476 Schol.
830 4425 898 4479 Aer..
926 4428 1026 4473 assumi
1058 4425 1160 4474 AG.P.
1176 4424 1221 4487 (In
1239 4424 1328 4473 Fronte
1344 4425 1503 4474 Pedum—In
1519 4427 1616 4490 Agrum

470 4502 574 4548 loentum
591 4507 613 4545 et
630 4494 766 4557 repetebant
785 4494 842 4539 alios
857 4505 939 4537 seruos.
978 4489 1026 4536 Viti
1057 4489 1197 4547 Pedum-)
1223 4486 1311 4537 additis
1336 4504 1366 4537 ex
1388 4488 1491 4538 formula
1514 4491 1616 4540 solemni

468 4582 532 4618 arou,
556 4562 625 4615 cista,
647 4574 677 4609 ex
704 4555 829 4607 nonnullis
852 4552 942 4602 tabulis
966 4567 1023 4601 eon-
1056 4552 1141 4601 litteris
1163 4552 1216 4600 his:
1244 4552 1279 4599 ll.
1298 4554 1338 4601 Μ.
1361 4554 1394 4601 Η.
1413 4554 1469 4602 Ex.
1486 4556 1517 4604 Τ.
1536 4556 1570 4603 Ν.
1587 4556 1615 4604 S.

468 4636 566 4682 structa,
577 4624 712 4691 sandapila,
723 4636 772 4688 qua
786 4618 946 4671 efferebantur
962 4632 1022 4682 pau·
1056 4618 1126 4681 (Hoc
1143 4618 1330 4665 Monumentum
1346 4618 1461 4667 Herodes
1476 4620 1514 4667 Ex
1531 4620 1614 4669 Testa·

467 4692 578 4761 periotes,
899 4704 902 4711 ’
1055 4690 1135 4731 monio
1146 4682 1186 4731 Ne
1196 4681 1342 4746 sequutum:
1359 4682 1392 4731 cl'.
1403 4682 1516 4732 Lfflbln·
