3659 5892
871 492 1169 560 CARMINUM

658 649 741 713 Arte
756 657 901 712 materna
916 647 1049 732 rapidos
1063 655 1242 710 morantem

597 750 639 813 10
659 749 842 814 Fluminum
856 749 968 834 lapsus
982 747 1170 831 celeresque
1184 758 1310 824 ventos,

659 850 824 916 Blandum
839 861 872 916 et
886 850 1008 915 auritas
1023 848 1146 914 fidibus
1160 851 1288 914 canoris

958 949 1092 1016 Ducere
1105 971 1259 1033 quercus.

660 1052 752 1126 Quid
767 1053 858 1138 prius
873 1052 980 1116 dicam
995 1051 1098 1116 solitis
1113 1050 1264 1116 Parentis

661 1154 856 1220 Laudibus?
878 1155 936 1238 qui
949 1175 1002 1218 res
1017 1152 1182 1217 hominum
1196 1175 1235 1218 ac
1250 1153 1409 1230 Deorum,

596 1255 636 1319 15
659 1255 728 1330 Qui
741 1279 829 1322 mare
844 1278 881 1322 eo
897 1266 1013 1332 terras,
1028 1254 1191 1338 variisque
1205 1254 1362 1320 mundum

962 1355 1141 1441 Temperat
1154 1356 1267 1422 horis?

660 1459 760 1526 Unde
773 1459 820 1526 nil
833 1460 938 1545 majus
951 1469 1127 1543 generatur
1141 1459 1226 1542 ipso,

657 1561 732 1627 Nec
747 1562 836 1646 viget
849 1560 1027 1644 quidquam
1042 1559 1145 1624 simile
1159 1568 1216 1623 aut
1231 1558 1427 1624 secundum:

660 1662 832 1728 Proximos
844 1661 890 1728 illi
905 1673 1013 1728 nmen
1027 1662 1199 1746 occupavit

594 1765 639 1828 20
962 1763 1071 1830 Pallas
1086 1764 1239 1830 honores.

658 1865 789 1931 Proeliis
804 1866 925 1944 audax,
941 1888 1048 1964 peque
1062 1877 1096 1932 te
1111 1865 1227 1943 silebo,

660 1967 773 2045 Liber,
790 1979 823 2032 et
839 1969 933 2033 saevis
947 1969 1076 2032 inimica
1089 1967 1195 2052 Virgo

442 2103 486 2153 lini
524 2117 579 2152 uam
599 2100 680 2150 Musis
700 2114 767 2148 sucu
785 2109 830 2150 est.
872 2102 930 2152 Jam
946 2115 1002 2152 rere
1067 2101 1173 2151 13-16.
1187 2101 1417 2168 suasusque»
1430 2101 1504 2167 vulgo
1518 2111 1595 2168 poete

442 2183 498 2216 cum
550 2167 619 2216 recise
635 2179 705 2214 mons
716 2163 809 2214 Herses
824 2164 890 2224 Liui,
901 2167 1001 2224 Musaei,
1034 2165 1168 2214 carminum
1183 2180 1281 2214 suorum
1299 2167 1445 2240 principium
1461 2167 1540 2216 faeere
1555 2183 1595 2216 so-

441 2240 466 2281 et
479 2232 569 2298 Orphei
584 2229 691 2296 inprimis
704 2229 852 2279 carminibus
865 2231 1003 2280 celebratis·
1034 2230 1101 2278 lent:
1131 2231 1202 2295 Virg.
1217 2231 1274 2279 Ecl.
1289 2231 1325 2289 iri,
1343 2233 1385 2289 60,
1404 2235 1439 2280 Ab
1456 2231 1514 2279 Jcoe
1526 2235 1596 2294 prin-

442 2297 518 2345 simus
528 2297 568 2352 sit,
580 2305 635 2368 apte
646 2293 671 2342 iu
682 2293 727 2342 hoc
741 2310 839 2358 quoque
852 2303 933 2346 moute
942 2295 1002 2344 Mu·
1032 2297 1128 2356 cipium,
1149 2295 1239 2355 Musae3
1258 2295 1322 2344 Jouir
1341 2299 1418 2346 mio
1436 2298 1515 2358 plera.
1549 2297 1596 2346 Ra

442 2375 522 2409 sarum
533 2373 640 2408 earmina
650 2373 760 2407 resonare
771 2356 894 2408 dicuutur.
1036 2360 1159 2416 bominum,
1170 2359 1196 2407 b.
1207 2375 1232 2408 e.
1247 2360 1305 2418 latu,
1323 2362 1444 2409 fortunam
1460 2359 1596 2408 bominum.

476 2427 500 2484 7,
513 2428 538 2474 θ.
562 2425 628 2471 Unde
649 2425 746 2470 vocalem
766 2429 823 2472 cett.
842 2437 949 2473 seususz
971 2439 1002 2473 ex
1034 2421 1160 2479 Mundum,
1172 2423 1198 2472 b.
1212 2439 1236 2473 e.
1254 2424 1494 2489 eoelum(rirpov);
1513 2424 1595 2489 desig-

443 2505 492 2554 quo
508 2496 589 2538 moute
603 2487 737 2552 promiscue
752 2487 1002 2538 confluxeruutundi-
1034 2495 1105 2536 natur
1124 2497 1204 2537 autem
1222 2503 1264 2554 per
1282 2505 1354 2548 mre,
1370 2500 1453 2546 terras,
1469 2497 1496 2538 et
1513 2492 1596 2538 eoetu

443 2567 491 2618 que
507 2555 605 2602 arbores
617 2551 647 2600 ad
658 2551 805 2600 audiendum
817 2552 951 2616 Orpheum,
961 2552 1003 2602 cui
1034 2551 1146 2601 universa
1156 2561 1338 2602 remmuatura.
1369 2552 1595 2612 Catullinum,

443 2625 519 2674 tanta,
531 2633 580 2682 qua
597 2632 612 2664 a
628 2625 703 2664 matre
716 2630 761 2663 suu
773 2616 854 2665 Cullio
896 2617 1004 2666 imbutus
1037 2616 1088 2670 Quo
1098 2634 1160 2664 nure
1170 2628 1192 2666 et
1203 2619 1272 2665 tellus
1281 2627 1350 2681 otqm
1360 2620 1455 2667 horrido
1464 2628 1595 2666 contremu-

443 2681 528 2738 luerat,
540 2679 644 2731 canendi
656 2688 708 2729 erat
719 2695 757 2728 ars
767 2687 840 2744 atque
868 2681 963 2739 uleedo,
976 2691 1005 2732 ut
1034 2690 1105 2728 nunt
1114 2681 1226 2744 AEquoru,
1236 2685 1390 2746 wreuseitque
1398 2685 1510 2732 manua
1518 2685 1596 2730 ridere

442 2746 496 2796 e'us
511 2745 624 2796 audiendi
636 2745 712 2808 gratia
727 2744 827 2794 flumina
839 2760 926 2794 cursus
940 2746 1004 2813 rapi·
1035 2747 1134 2793 mundus
1142 2762 1151 2803 ,·
1170 2747 1213 2794 ubi
1230 2746 1355 2810 videque
1373 2747 1404 2796 de
1418 2761 1479 2795 voce
1494 2750 1596 2796 nundus

443 2763 495 2868 dos,
507 2819 531 2860 et
543 2811 607 2860 venti
618 2811 720 2858 celerem
730 2809 847 2874 impetum
859 2810 1003 2870 inhiberent,
1035 2817 1119 2857 notata
1133 2818 1200 2858 suut.
1236 2810 1355 2873 Varioque
1363 2813 1474 2860 nemun
1483 2819 1596 2872 tem

443 2875 502 2940 quin
513 2891 616 2940 quercus
624 2875 684 2923 adeo
692 2873 788 2923 blandis
795 2873 849 2938 ejus
856 2875 1004 2926 carminibus
1035 2874 1112 2921 borist
1126 2873 1152 2923 b.
1161 2889 1185 2924 e.
1199 2873 1335 2923 moderatur
1344 2875 1449 2924 siderum
1458 2889 1559 2924 cursum
1568 2875 1596 2924 in

443 2953 512 2987 aures
533 2942 674 3004 praeberent.
718 2938 821 2986 Vocatur
842 2937 1002 3004 (φωνήεντα)
1035 2937 1099 2986 coelo
1109 2938 1152 2995 ita,
1165 2946 1193 2986 ut
1201 2939 1273 2987 varim
1285 2941 1353 2996 bore,
1361 2939 1417 2988 b.e.
1430 2940 1594 2988 mmvicissi·

443 3013 580 3053 cantantem
590 3021 596 3063 ;
613 3003 722 3052 similiter
734 3005 820 3051 rbordoe
835 3005 921 3052 uocales
938 3005 1009 3071 apud,
1035 3001 1131 3050 tsdiues
1139 3003 1254 3052 existant.
1282 3003 1332 3052 Iul.
1341 3005 1367 3052 iu
1378 3004 1456 3068 Epist.
1467 3003 1498 3052 td
1508 3003 1594 3054 Pius.

443 3067 537 3116 Tibull.
553 3069 580 3124 ii,
595 3071 621 3125 5,
638 3067 663 3115 3.
696 3063 800 3116 Temere:
817 3066 869 3115 hnc
886 3068 1004 3132 particula
1035 3066 1093 3123 ³02,
1105 3067 1339 3130 Subuemr'tmporis
1348 3070 1435 3117 horem

443 3132 538 3196 egregie
555 3148 603 3181 rem
620 3130 717 3206 pingit3
734 3131 828 3180 arbores
843 3146 938 3197 nempe,
955 3150 1004 3198 quo
1068 3130 1175 3180 17-20.
1193 3131 1305 3180 Undenil
1315 3137 1390 3195 majia
1398 3141 1528 3195 generatur
1536 3134 1595 3194 ipro,

443 3195 1004 3326 {¹¹¹{mettrittlzttttllmtssffu‘tttt
1034 3193 1596 3324 luuntffilwilttftttzl’

463 3293 469 3306 ·
497 3295 503 3308 ·
805 3293 812 3316 r
1180 3294 1187 3319 r
1460 3295 1468 3317 e

444 3324 865 3445 utilitatium
1035 3276 1598 3464 sustinuerimus

444 3453 515 3502 tritus
527 3453 572 3503 tuit
583 3453 695 3518 Orpheus
709 3467 724 3500 a
738 3461 867 3502 matresua
884 3453 1004 3522 Calliope.
1035 3453 1074 3500 vol
1090 3451 1211 3502 inferiores
1226 3462 1296 3502 sunt:
1314 3453 1390 3502 nolim
1405 3454 1478 3518 rgitur
1489 3457 1553 3502 unde
1562 3453 1594 3502 ad

446 3517 582 3576 Morantur,
596 3517 620 3566 b.
631 3533 654 3566 e.
665 3517 797 3566 sistentem.
1034 3516 1149 3580 prosaice
1155 3516 1268 3566 orationis
1273 3517 1379 3567 indolem
1384 3517 1595 3567 cuuquMitseb.

479 3583 519 3638 ll,
533 3584 571 3630 12.
590 3582 829 3639 Blandum—ducere,
846 3580 934 3630 Gracc
951 3597 1002 3647 pro,
1035 3596 1087 3646 pro,
1103 3581 1314 3647 qumeexplicure.
1349 3583 1418 3631 Unde
1450 3597 1486 3638 ro,
1502 3597 1517 3630 a
1534 3599 1594 3647 quo,

444 3644 533 3695 blande
552 3647 688 3702 ducentem,
705 3645 730 3694 h.
744 3660 769 3694 e.
785 3653 835 3693 tam
853 3645 943 3694 blande
961 3661 1003 3695 ca·
1034 3645 1132 3710 passim.
1166 3645 1207 3694 Sic
1225 3645 1297 3705 inti,
1310 3648 1352 3704 28,
1367 3648 1409 3705 28,
1452 3649 1497 3694 nde
1510 3657 1594 3708 potest,

445 3719 550 3770 nentem,
574 3719 601 3760 ut
622 3711 728 3760 duceret.
773 3709 878 3767 Cereris,
899 3709 1005 3760 suaviter
1035 3712 1078 3758 tibi
1094 3709 1183 3773 defluat
1198 3727 1260 3773 aprio
1275 3712 1310 3759 Ab
1323 3711 1389 3761 Jove.
1420 3711 1501 3766 Sati,
1513 3711 1538 3769 6,
1553 3712 1593 3769 12,

445 3775 601 3835 sonantibus;
618 3775 653 3823 sie
665 3774 708 3822 inl.
717 3773 794 3839 Epist.
801 3774 827 3831 ii,
836 3775 862 3830 2,
873 3775 914 3831 76,
926 3791 1003 3824 vereret
1034 3774 1263 3832 combulteriam,
1278 3775 1356 3824 Valeri
1370 3791 1453 3839 genus,
1468 3776 1531 3823 unde
1547 3775 1593 3824 Su·

444 3843 531 3886 carmi.
567 3841 670 3894 Quercus
689 3839 809 3894 audacter,
827 3838 870 3888 sed
885 3839 1003 3904 apposite,
1032 3838 1268 3901 patermutio
1281 3856 1353 3904 regno
1363 3839 1517 3904 pulmfuit.
1553 3840 1594 3887 Vi·

444 3902 559 3952 dicuntur
573 3905 666 3960 uuritae,
684 3903 744 3968 quia
760 3901 874 3952 audiendi
892 3918 957 3952 nune
973 3903 1004 3952 iis
1032 3912 1073 3966 get
1089 3917 1132 3966 pro
1147 3902 1250 3966 vulgari,
1265 3911 1311 3960 est,
1325 3903 1418 3952 existit.
1450 3905 1499 3951 Aut
1512 3919 1594 3952 urun-

445 3967 557 4016 tribuitur
578 3966 700 4016 facultas:
729 3981 785 4016 cum
811 3965 902 4015 dilectu
923 3975 1003 4016 autem
1034 3970 1098 4024 dura,
1118 3973 1162 4015 eut
1179 3967 1246 4032 quod
1264 3967 1398 4017 secundum
1416 3968 1498 4016 statim
1516 3967 1548 4015 ab
1564 3983 1595 4018 eo

444 4031 524 4096 posuit
533 4047 637 4093 quomo,
648 4039 683 4087 ut,
694 4046 751 4079 cum
767 4029 816 4078 ille
827 4031 932 4088 arbores,
942 4031 1005 4081 ulier
1034 4030 1117 4079 locum
1126 4040 1239 4097 occupet.
1268 4033 1384 4080 Proxime
1392 4034 1594 4081 illitorum

444 4094 585 4152 durissimae,
602 4095 655 4160 jam
671 4093 763 4160 Orphei
781 4095 929 4144 carminibus
948 4112 1002 4161 per-
1031 4097 1098 4159 pauit
1116 4096 1198 4144 Pullus
1214 4098 1320 4145 boma:
1341 4095 1463 4154 nimirum,
1480 4097 1501 4144 si
1522 4111 1596 4146 nemo
1626 4115 1633 4122 ·

444 4173 522 4208 cusae
540 4168 564 4208 et
580 4159 691 4208 delenita
707 4175 759 4208 esse
775 4157 895 4217 dicautur,
912 4169 1004 4224 quauta
1034 4160 1167 4209 meandum
1177 4160 1303 4210 tertiumve
1313 4161 1443 4225 abaliquo
1456 4161 1538 4209 locum
1551 4177 1594 4210 oe-

443 4224 479 4271 vis
501 4223 553 4288 ejus
571 4224 717 4272 carminibus
733 4223 814 4279 suerit,
830 4223 869 4272 vel
885 4231 1003 4289 quantum
1034 4231 1115 4290 cupat,
1137 4223 1241 4290 primum
1262 4224 1344 4274 locum
1366 4224 1457 4275 tenenti
1478 4228 1596 4286 prosimus

444 4287 469 4334 in
486 4287 625 4337 universum
640 4288 720 4352 poesis
730 4288 818 4344 valeat,
828 4303 857 4336 eo
870 4288 949 4351 magis
960 4304 1002 4354 ap-
1033 4303 1132 4353 quoque
1147 4296 1186 4337 est
1204 4289 1247 4338 ille
1263 4290 1307 4354 qui
1325 4298 1436 4354 quartum
1450 4289 1595 4354 quintumre

443 4362 533 4416 pareat
567 4353 679 4401 Imitatus
694 4351 806 4402 estbunc
820 4351 901 4400 locum
918 4351 1002 4408 Sidou.
1034 4353 1066 4402 ab
1087 4367 1116 4401 eo
1134 4353 1217 4402 locum
1236 4355 1338 4403 obtinet.
1377 4355 1490 4402 Minerva
1509 4353 1518 4400 i
1536 4354 1594 4411 tur,

442 4432 465 4464 c.
477 4416 504 4471 ii,
515 4417 557 4472 71,
573 4419 619 4472 Qui
630 4419 775 4480 cantuflexr't
788 4418 897 4478 scopulos,
907 4419 1001 4480 digtro-
1032 4417 1142 4480 quamvis
1157 4418 1229 4481 louge
1243 4419 1275 4466 ab
1291 4418 1362 4469 Jovis
1377 4418 1504 4483 majestate
1517 4369 1594 4466 diste·

441 4497 484 4543 que
501 4485 590 4530 curreris
606 4483 721 4544 Compulit
734 4483 825 4529 auritus
840 4483 871 4529 ud
885 4484 1000 4542 plectrum
1032 4481 1081 4538 bet.
1100 4497 1150 4547 pm
1171 4482 1257 4530 ceteris
1282 4490 1362 4533 tamen
1385 4481 1434 4532 diis
1452 4481 1594 4546 deabusque

441 4561 533 4592 cun-ere
543 4547 624 4606 siluas,
643 4547 719 4600 Quum
730 4555 818 4593 starem
828 4543 902 4594 liebri
912 4546 998 4604 latiora
1031 4545 1214 4595 honoratissime
1240 4546 1296 4596 suit.
1343 4547 1410 4596 Plat.
1436 4549 1546 4611 Sympos.
1574 4546 1592 4604 i,

441 4625 553 4672 murique
571 4611 644 4674 ligato
662 4609 776 4659 Fluminis
794 4611 890 4660 attoniti
908 4627 1000 4660 corruo
1031 4626 1058 4674 p.
1077 4610 1135 4666 617,
1152 4609 1169 4669 ἠ
1185 4610 1211 4660 δὲ
1226 4609 1323 4672 Ἀθηνᾶ
1336 4612 1452 4678 φαίνεται
1465 4612 1511 4660 rdv
1526 4611 1594 4670 πλη-

440 4677 514 4738 mugis
524 4676 586 4723 undu
594 4677 676 4724 sitiret.
1031 4674 1088 4726 ot'ov
1098 4675 1138 4724 ἀεὶ
1147 4677 1192 4726 rori
1203 4676 1259 4736 Διὸς
1269 4677 1352 4729 rdrrov
1361 4677 1469 4743 lxoooa:
1487 4675 1521 4726 cl.
1533 4675 1601 4730 cil.
