3659 5892
927 494 1223 565 CARMINUM

621 690 625 701 ·
714 650 825 737 Ipsum
839 672 890 715 me
904 650 1018 715 melior
1030 672 1131 735 quum
1145 660 1273 735 peteret
1286 650 1413 728 Venus,

714 754 821 819 Grata
835 752 976 818 detinuit
989 752 1146 837 compede
1161 751 1303 837 Myrtale

650 858 689 919 15
713 856 894 933 Libertina,
909 854 1002 921 fretis
1017 856 1123 919 acrior
1137 854 1275 919 Hadrioe

1017 956 1191 1021 curvantis
1205 957 1363 1023 Calabros
1377 957 1479 1025 sinus.

871 1259 1078 1327 CARMEN
1103 1259 1273 1325 XXXIV.

670 1470 805 1535 Parcus
820 1469 969 1535 Deorum
984 1465 1089 1532 cultor
1103 1476 1136 1531 et
1150 1464 1348 1550 infrequens,

668 1572 862 1637 Insanientis
878 1572 956 1635 dum
971 1569 1139 1653 sapientire

707 1673 885 1738 Consultus
900 1695 985 1749 erro,
1002 1692 1088 1735 nunc
1102 1682 1280 1736 retrorsum

751 1775 837 1841 Vela
851 1776 942 1853 dare,
958 1785 1056 1859 etque
1071 1773 1189 1838 iterare
1203 1796 1318 1838 cursus

528 1926 632 1977 la-to.
650 1926 735 1978 Melior
747 1930 830 1985 Verum,
858 1926 925 1977 uelle
938 1924 1053 1975 mollioris
1084 1923 1174 1974 icomm
1188 1926 1341 1993 disciplinam
1354 1924 1478 1975 traducere
1489 1924 1570 1991 (qnod
1585 1940 1645 1975 non·

492 1999 517 2040 et
528 1992 628 2041 mitioris
641 1992 749 2058 iugenii;
765 2008 821 2041 nam
863 1990 1052 2058 yrtale,cuiop·
1086 1989 1155 2047 nulli,
1166 1998 1194 2039 ut
1208 1991 1309 2041 aliorum
1383 1992 1429 2039 tias
1444 1999 1544 2046 tseeam,
1555 1991 1646 2056 opinati

526 2056 598 2115 nitur,
619 2057 666 2106 luit
683 2056 844 2131 vehementior
864 2064 888 2106 et
909 2054 1053 2105 iracundior.
1085 2055 1165 2118 sunt),
1177 2055 1220 2105 sed
1234 2072 1329 2121 gravem
1344 2056 1353 2104 i
1373 2072 1414 2104 um
1425 2055 1597 2133 Epicureorum
1608 2072 1645 2105 er·

491 2120 1054 2249 ,tlttttttlttttffttttl,3³⁴th
1081 2124 1230 2250 {hilm
1240 2119 1646 2251 tl‘ltt'ttmtdtttt

493 2264 523 2299 ne
540 2250 573 2299 ita
587 2267 625 2300 me
638 2260 742 2316 ceperat,
755 2259 782 2300 ut
798 2260 889 2301 ceteras
905 2264 988 2301 omnes
1002 2264 1051 2315 pre
1083 2264 1143 2315 puro
1158 2264 1189 2298 au
1206 2249 1266 2298 itum
1282 2250 1315 2299 ait
1331 2250 1430 2307 tonitru,
1445 2249 1518 2315 quale
1537 2248 1564 2297 in
1582 2250 1645 2300 coelo

491 2328 522 2363 ea
540 2323 729 2365 contemnerem:
747 2332 840 2379 compes,
857 2332 912 2381 que
935 2314 995 2363 alias
1015 2321 1052 2362 est
1083 2328 1143 2379 puro
1164 2313 1241 2363 audiri
1261 2330 1331 2381 posse
1352 2313 1398 2381 ipsi
1418 2330 1515 2379 quoque
1532 2314 1645 2380 Epicurei

491 2376 553 2427 dura
568 2390 592 2429 et
606 2381 714 2439 molesta,
725 2382 793 2430 suavi
802 2395 915 2445 oxymorn
928 2378 980 2445 jam
990 2377 1052 2427 dici·
1084 2378 1195 2445 (Lucret.
1205 2380 1238 2436 vi,
1250 2382 1300 2429 245
1313 2388 1339 2428 et
1353 2380 1416 2445 ³99)
1431 2380 1561 2445 negabant,
1574 2380 1644 2429 refel-

491 2444 738 2577 tltitggtngqqizlqppae
747 2444 848 2559 setIliiliid
853 2442 1051 2575 dridddliiinleln
1083 2442 1373 2574 lerllldlignddsblimegd
1390 2508 1434 2573 qui
1443 2508 1541 2556 deorum
1551 2508 1644 2558 cultum

490 2572 532 2629 24,
544 2571 611 2623 dives
625 2574 734 2640 quedam
749 2582 773 2625 et
783 2573 874 2624 lasciva
890 2573 971 2639 puella
979 2544 1051 2624 icles
1083 2572 1161 2622 adhuc
1177 2574 1337 2637 neglexeram,
1349 2546 1411 2622 falsa
1425 2571 1518 2622 scilicet
1528 2574 1643 2639 Epicure-

490 2636 565 2701 phum
577 2650 650 2705 gruta
665 2642 767 2703 compede
779 2642 882 2688 vinctum
898 2646 978 2687 tenere
990 2636 1051 2687 dici·
1083 2652 1151 2686 orum
1161 2636 1282 2703 opinione,
1292 2641 1343 2687 deos
1353 2640 1414 2687 nihil
1422 2654 1507 2686 curare
1516 2656 1553 2687 m
1562 2640 1643 2687 bum-

490 2709 536 2751 tur.
570 2706 661 2763 Δοήυτ,
679 2704 822 2761 iracundior,
841 2704 967 2753 ferventior
983 2702 1050 2766 (nos,
1082 2718 1124 2749 nos
1142 2700 1265 2769 deceptus,
1285 2716 1359 2759 nunc,
1376 2701 1475 2752 meliora
1491 2702 1599 2759 edoctus,
1618 2704 1644 2754 in

488 2766 884 2835 dnBruusekmfinoj'stiirmend).
913 2768 990 2816 rme
999 2766 1048 2815 Ha·
1081 2766 1146 2815 viam
1165 2776 1263 2825 rectam,
1280 2782 1296 2816 a
1312 2784 1362 2833 qua
1379 2768 1550 2825 ahenaveram,
1569 2767 1644 2819 redire

489 2832 546 2880 driae
558 2834 684 2883 Cumano
696 2834 804 2883 Cnhrhros
816 2836 889 2889 tinus,
900 2832 926 2880 h.
937 2848 960 2882 e.
971 2830 1050 2880 ducti·
1082 2846 1163 2895 cogor.
1196 2832 1287 2881 Parcus
1307 2832 1409 2881 Deouana
1429 2832 1507 2880 cultor
1523 2843 1546 2881 et
1568 2835 1643 2899 inser·

489 2894 536 2945 hus
550 2896 622 2945 maris
632 2897 765 2949 Hadriatici
779 2897 810 2947 ad
820 2897 878 2945 litus
889 2896 1009 2946 calabrie
1024 2896 1051 2945 in
1082 2912 1161 2959 quens,
1172 2896 1215 2961 qni
1225 2912 1277 2946 mro
1286 2895 1344 2945 deos
1357 2896 1424 2953 colit,
1435 2910 1479 2944 nec
1490 2912 1572 2945 eorum
1583 2904 1642 2947 tem·

489 2959 569 3011 sinum
586 2978 612 3013 se
628 2962 764 3021 curvantin;
787 2962 847 3021 sive,
864 2961 930 3027 quod
946 2960 977 3010 ad
992 2960 1050 3011 litus
1082 2960 1124 3025 pla
1134 2962 1282 3025 frequentem
1297 2963 1420 3073 rdpurcns
1430 2961 1461 3010 ad
1471 2977 1643 3074 muneraque

490 3026 618 3087 Celebriae,
635 3035 662 3077 ut
678 3044 734 3077 cum
749 3028 816 3092 virg.
835 3028 896 3076 AEn.
912 3024 929 3083 i,
950 3026 992 3074 rol
1012 3025 1048 3074 lo·
1168 3042 1242 3075 manu
1252 3024 1299 3074 diis
1315 3040 1330 3073 o
1348 3035 1452 3085 arantur,
1464 3025 1549 3075 reterre
1560 3042 1593 3075 no
1602 3028 1643 3077 im.

489 3105 557 3154 quar,
576 3092 716 3155 Frangitur,
735 3094 804 3155 inque
821 3094 885 3139 sinus
901 3092 986 3140 scindit
1005 3106 1050 3141 rese
1096 3093 1222 3139 meientis
1243 3093 1361 3152 rapientia
1384 3092 1516 3145 comite,
1536 3091 1643 3141 imbutus

488 3158 553 3201 undu
569 3160 672 3205 reductos
680 3175 687 3215 ς
705 3154 747 3205 ubi
763 3154 827 3205 enim
842 3154 887 3205 hoc
898 3154 934 3210 fit,
946 3153 979 3203 ibi
990 3169 1049 3205 sane
1080 3154 1206 3228 preceptis
1220 3154 1364 3222 sapientum,
1382 3156 1408 3204 h.
1422 3172 1445 3205 e.
1460 3154 1641 3221 Epicureorum.

488 3233 553 3267 mnra
569 3222 645 3270 multo
661 3220 825 3271 vehementius
841 3218 930 3269 servet:
953 3220 986 3269 cl.
1003 3218 1047 3273 inl.
1080 3234 1106 3267 m
1125 3218 1163 3275 iis.
1177 3234 1231 3283 qun
1249 3227 1333 3268 contra
1347 3220 1454 3270 divinam
1471 3220 1641 3287 providentiam

488 3280 522 3339 iii,
536 3284 561 3341 9,
572 3286 614 3336 2³.
1079 3282 1211 3361 disputant,
1231 3284 1420 3334 insanientiuma
1442 3287 1560 3334 ιἰιιιιιιίιιι
1579 3289 1642 3361 snpi-

1079 3358 1144 3397 entan
1159 3349 1261 3415 pertinet
1274 3349 1305 3398 ad
1322 3365 1443 3424 oxymora,
1454 3348 1485 3398 de
1499 3350 1589 3413 quibua
1604 3366 1641 3399 rn-

623 3414 775 3464 CARMEN
795 3412 920 3463 XXXIV.
1081 3420 1175 3477 gentem
1185 3414 1347 3479 exemplorum
1357 3430 1451 3527 coprem
1460 3413 1642 3479 congemitdili·

521 3478 644 3535 Horatius,
656 3494 721 3535 cum,
735 3479 842 3543 neglecto
856 3478 954 3527 deorum
971 3478 1049 3537 cultu,
1082 3478 1163 3545 gcntia
1173 3478 1328 3528 Ritterahusii
1339 3477 1370 3528 ad
1405 3496 1422 3545 p
1438 3478 1487 3528 iau.
1498 3494 1523 3545 p.
1533 3480 1641 3540 att-³2,

487 3548 575 3591 temere
601 3558 692 3600 eorum,
714 3546 755 3609 qui
778 3542 870 3591 nullam
891 3542 949 3591 deos
971 3558 1049 3592 rerum
1082 3542 1144 3593 adde
1163 3542 1233 3593 Jens.
1253 3541 1285 3591 ad
1303 3543 1406 3593 Lucian.
1453 3558 1503 3593 erc.
1520 3543 1642 3593 conduct.

486 3605 645 3682 humanarum
660 3624 741 3657 curam
753 3607 840 3656 habere
855 3614 996 3681 statuerent,
1010 3623 1048 3683 ει-
1082 3607 1112 3655 Τ.
1129 3608 1146 3664 i,
1164 3622 1190 3719 p.
1205 3608 1264 3683 698,
1279 3615 1304 3657 et
1335 3623 1380 3657 uos
1397 3607 1481 3658 laudat
1501 3608 1594 3658 Albert.
1611 3608 1641 3659 ad

485 3672 894 3788 {reuertentur
910 3679 1049 3812 {pillei
1078 3672 1642 3801 3313,;J;,;;,¹²„?÷,„:3⁴.÷,35‘m;

485 3814 538 3849 csse
560 3813 647 3858 narrat,
669 3814 696 3851 ut
717 3802 831 3851 divinitus
853 3816 922 3865 quasr
943 3801 1048 3849 monitus
1078 3802 1177 3856 relictos,
1192 3800 1267 3851 redire
1283 3800 1309 3851 in
1322 3800 1386 3851 viem
1403 3802 1519 3859 relictam,
1536 3801 1640 3869 ἀνατρέ-

484 3864 565 3913 stutim
581 3867 611 3915 ab
623 3866 696 3933 impia
707 3867 753 3915 ista
766 3864 839 3914 animi
851 3867 1002 3931 perversitate
1017 3866 1047 3914 ad
1079 3882 1144 3929 χειν.
1178 3866 1285 3931 Vulgata
1301 3866 1373 3917 lectio
1389 3882 1446 3915 cum
1460 3882 1559 3916 tensum
1573 3883 1640 3916 com-

485 3938 589 3979 mentem
601 3930 718 3979 saniorem
729 3929 804 3981 redire
818 3930 927 3995 coeperit.
960 3928 1048 3979 Inhac
1079 3928 1177 3978 modum
1205 3929 1300 3989 fundat,
1329 3946 1374 3980 nec
1402 3930 1463 3980 mihi
1488 3930 1642 3982 sollicitanda

486 4008 547 4042 nova
561 3995 640 4059 igitur,
652 3996 709 4045 deos
724 3993 821 4044 omnino
837 4010 897 4051 esse,
909 3992 952 4057 qui
968 3994 1048 4044 omnia
1078 3992 1180 4043 ridetur.
1213 3994 1262 4044 Sed
1278 3994 1320 4061 qui
1336 3996 1505 4046 immoderatos
1518 3994 1581 4045 risus
1594 3996 1641 4045 tol-

483 4060 625 4121 gubernent,
640 4059 800 4127 persuasione,
816 4058 947 4107 sententias
963 4056 993 4107 de
1009 4058 1046 4107 di·
1078 4057 1140 4116 lunt,
1159 4058 1225 4135 quod
1239 4060 1292 4125 jam
1308 4075 1323 4107 a
1341 4061 1376 4109 N.
1394 4060 1495 4110 Heinsio
1515 4061 1548 4110 ad
1565 4060 1640 4111 Ovid.

484 4122 540 4171 vina
558 4124 584 4173 in
605 4141 642 4174 res
661 4125 779 4173 humanas
797 4122 904 4191 potentie
922 4123 1048 4189 subjungit
1078 4124 1142 4172 Met.
1152 4124 1203 4181 viii,
1218 4125 1264 4174 173
1276 4125 1418 4191 propositam
1429 4123 1556 4175 lectionem
1568 4129 1640 4175 relec-

483 4188 643 4251 graviesimes.
681 4190 738 4239 Jam
760 4204 815 4238 vero
843 4204 899 4237 curn
921 4187 1045 4246 Horatius,
1078 4190 1262 4255 tssprorelicros
1273 4196 1427 4256 tamopemsa
1436 4190 1563 4239 defensum
1574 4190 1643 4241 iverit

501 4254 592 4303 uamvis
603 4254 628 4303 in
640 4253 732 4303 nullius
743 4252 847 4319 magistri
858 4254 932 4302 verba
942 4254 983 4317 (ut
993 4252 1044 4319 ipse
1076 4252 1210 4309 Bentlsius,
1223 4268 1260 4301 nm
1274 4252 1311 4303 illi
1326 4254 1469 4314 adoetrina,
1481 4272 1538 4329 quse
1550 4255 1640 4321 passim

483 4268 570 4367 latetur
583 4318 626 4369 inl.
639 4319 717 4385 Epist.
728 4318 745 4375 i,
760 4320 783 4375 l,
795 4320 838 4382 13)
847 4318 972 4383 juraverit,
984 4318 1009 4366 b.
1021 4334 1045 4367 e.
1076 4316 1156 4367 fraudi
1169 4316 1216 4366 tuit
1229 4332 1317 4383 magno
1328 4319 1447 4377 Boudeia,
1459 4336 1546 4368 mrmm
1561 4336 1640 4386 quan-

483 4382 544 4431 nulli
566 4382 722 4450 philosophie
745 4390 816 4433 secter
838 4382 909 4432 unice
935 4381 1046 4432 addictus
1077 4391 1128 4431 tum
1143 4382 1294 4449 discrepant!
1328 4384 1394 4433 Nam
1409 4388 1494 4433 iterare
1508 4400 1591 4433 eunus
1601 4403 1639 4434 re·

482 4448 562 4505 luerit,
586 4450 757 4515 Epicureorum
783 4455 863 4497 tamen
890 4444 988 4512 placita.
1014 4447 1045 4497 ad
1078 4448 1145 4496 lectos
1162 4448 1268 4515 profecto
1289 4463 1337 4497 nou
1358 4458 1404 4508 est,
1421 4457 1450 4498 nt
1467 4448 1508 4497 isti
1528 4458 1640 4516 carpunt,

481 4514 536 4563 vite
550 4513 727 4579 jucunditatem
738 4521 763 4562 et
774 4513 920 4577 voluptutem
933 4518 1044 4575 spectan-
1077 4526 1163 4560 cursus
1180 4510 1277 4562 iteratos
1296 4512 1396 4573 iterare3
1414 4513 1457 4563 sed
1476 4528 1560 4563 cursus
1578 4514 1640 4564 rele-

481 4578 524 4634 tin,
536 4578 641 4628 studiose
652 4578 777 4645 amplexus
788 4577 837 4636 rit;
854 4574 965 4641 equidem
976 4574 1045 4624 illum
1077 4576 1156 4640 gendo
1174 4586 1287 4643 repetere,
1302 4585 1331 4626 nt
1340 4579 1414 4643 steros
1429 4595 1499 4627 arcus
1515 4582 1640 4629 incursare

481 4658 529 4691 non
541 4652 589 4691 tam
601 4644 709 4709 abjurare
717 4642 859 4707 Epicuream
870 4638 1044 4707 philosophiam
1078 4639 1142 4707 apud
1160 4640 1230 4707 Virg.
1248 4644 1309 4691 AEn.
1328 4659 1353 4699 v,
1374 4644 1431 4702 500,
1452 4660 1503 4708 pro,
1522 4644 1639 4692 flectendo

480 4717 505 4757 st
517 4708 548 4757 ad
559 4708 662 4757 Stoicam
674 4722 699 4757 se
715 4712 858 4759 convertere.
871 4705 909 4755 vel
921 4702 980 4754 adeo
991 4705 1045 4754 Sto·
1078 4720 1148 4754 arcus
1166 4706 1305 4758 incurvare:
1329 4706 1359 4759 de
1378 4707 1499 4758 locutione
1520 4710 1592 4774 proba
1614 4717 1640 4758 et
