3659 5892
686 518 851 585 LIBER
874 517 902 596 1,
926 518 953 583 1.
1332 514 1397 578 139

329 670 444 739 Rides.
492 672 606 745 Quid?
628 693 788 737 meseum
803 680 930 758 pugnat
944 670 1105 736 sententia
1120 672 1251 735 mcum?

328 774 429 847 Quod
443 774 549 859 petiit,
566 774 708 858 spemit;
733 774 865 859 repetit,
881 773 972 857 quod
987 794 1093 857 nuper
1108 772 1237 837 omisit?

329 876 477 955 AEstuat,
492 886 527 943 et
541 877 616 941 vitae
629 875 832 941 disconvenit
847 874 962 941 ordine
978 876 1069 939 totol

245 977 305 1041 100
328 977 451 1056 Diruit,
468 977 620 1054 aedificat,
636 986 741 1041 mutet
755 977 918 1063 quadratu
932 975 1104 1041 rotundis?

327 1077 474 1145 Insanire
489 1090 586 1166 putes
604 1078 759 1143 solemnia
774 1101 838 1157 me,
854 1100 962 1164 neque
976 1078 1077 1154 rides,

325 1179 400 1246 Neo
414 1180 532 1247 medici
548 1181 667 1259 credis,
683 1202 743 1246 nec
759 1180 919 1245 curatoris
934 1200 1032 1265 egere

326 1278 359 1345 A
375 1294 515 1366 praetore
530 1281 610 1361 dati,
626 1304 735 1348 rerum
750 1280 852 1346 tutele
865 1302 1011 1346 mearum

325 1382 438 1455 Quum
453 1384 510 1461 sis,
525 1394 559 1449 et
573 1406 673 1469 prave
689 1392 813 1449 sectum
828 1382 1040 1448 stomacheris
1055 1383 1099 1447 ob
1113 1403 1256 1467 unguem

240 1484 302 1551 105
325 1485 379 1552 De
395 1495 427 1551 te
442 1486 628 1571 pendentis,
645 1496 677 1551 te
692 1486 896 1570 respicientis
911 1485 1023 1551 amici!

322 1584 379 1651 Ad
395 1609 562 1665 summam,
575 1588 704 1673 sapiens
722 1610 786 1653 uno
800 1588 905 1653 minor
920 1597 972 1653 est
986 1586 1081 1665 Jove,
1098 1588 1201 1665 dives,

322 1688 435 1766 Liber,
450 1688 641 1767 honoratus,
656 1688 804 1774 pulcher,
820 1711 880 1755 rex
896 1690 1037 1774 denique
1053 1710 1186 1774 regum

322 1788 492 1876 Praecipue
508 1813 619 1869 senus,
634 1791 696 1855 nisi
711 1812 812 1875 quum
826 1791 945 1875 pituita
959 1790 1096 1856 molesta
1109 1800 1170 1855 est.

232 1991 299 2043 eninr
312 1990 409 2042 divitem
428 1990 537 2050 triremis,
552 2008 625 2057 quem
637 1992 684 2041 sibi
695 1992 741 2067 ipsi
752 2009 793 2059 ps-
827 1992 951 2043 hominurn
969 2009 1059 2043 rnorem
1072 1991 1185 2043 insanire.
1219 1992 1326 2042 lnsoss’rs
1341 1994 1388 2042 sti·

233 2066 308 2105 ιιιιιι
318 2056 432 2121 possidet,
442 2056 475 2105 ite
484 2072 612 2122 pauperem
623 2057 720 2123 navigii,
730 2058 794 2123 quod
826 2060 892 2121 quid,
905 2066 932 2107 nt
948 2074 1002 2133 enp.
1014 2060 1067 2107 Sat.
1077 2058 1104 2117 ii,
1117 2059 1141 2115 3,
1154 2058 1195 2115 63,
1207 2059 1311 2106 insanire
1325 2073 1388 2106 erro·

232 2120 280 2169 sibi
295 2120 411 2169 conduxit
427 2128 530 2179 tantum,
543 2136 627 2187 capere
645 2122 706 2171 solet
721 2121 793 2171 setie-
825 2138 881 2179 ιιιι,
890 2122 969 2188 Epist.
978 2138 996 2180 ι,
1003 2125 1028 2180 2,
1039 2125 1079 2181 14,
1088 2124 1198 2186 quicquid
1206 2123 1308 2171 delirant
1315 2136 1389 2184 reges.

233 2192 279 2234 tas.
313 2185 432 2233 Nuussot:
449 2184 505 2234 hinc
523 2200 578 2251 sup.
597 2185 646 2235 Od.
662 2186 697 2245 iii,
713 2189 735 2243 1,
751 2187 792 2245 ³7,
860 2188 915 2237 10³.
933 2186 1054 2235 curatoris
1070 2189 1091 2235 A
1108 2197 1205 2249 pretore
1223 2188 1290 2234 dati:
1310 2194 1390 2235 mente

233 2251 326 2297 ιιιιίιιι
354 2259 465 2298 aeterra
483 2249 792 2309 Fasttdtcsuuetoddii,
824 2250 909 2315 ceptis,
930 2250 976 2299 nisi
992 2266 1073 2300 eorum
1088 2264 1170 2299 curam
1184 2256 1291 2315 gererent
1307 2250 1388 2315 sgneti

234 2315 275 2371 29,
285 2315 310 2371 9,
343 2316 473 2361 estidiosorn
489 2316 564 2362 desere
578 2316 673 2375 copiam.
708 2316 793 2365 Prious
824 2313 1389 2379 etgentiles,reilnmiliariscnratoraprsetore

232 2376 264 2426 de
280 2378 351 2425 rebus
363 2393 468 2490 puerum
488 2376 582 2445 propria
598 2386 635 2427 est
650 2378 724 2428 alicui
737 2396 792 2446 pos·
824 2378 876 2427 deri
887 2379 995 2429 solebat:
1013 2379 1046 2429 cl.
1056 2394 1111 2444 sup.
1122 2378 1154 2427 ad
1164 2380 1215 2426 Sat.
1226 2378 1252 2434 ii,
1263 2380 1290 2433 9,
1302 2380 1360 2427 218.

234 2441 323 2491 sessio:
340 2440 363 2489 vi
381 2443 486 2490 .anb.
861 2445 915 2492 104.
933 2445 1017 2501 Praae,
1033 2444 1104 2501 male,
1121 2442 1211 2509 inepte,
1223 2442 1288 2506 negli
1319 2450 1385 2491 nter:

264 2506 387 2555 94-105.
414 2506 547 2562 Sententia,
574 2522 646 2571 quam
671 2514 742 2573 poeta
766 2506 792 2557 in
822 2524 894 2570 praue
910 2518 996 2558 sectum
1012 2510 1038 2556 ob
1056 2524 1166 2571 unguem,
1181 2507 1213 2555 ob
1229 2522 1278 2555 rem
1303 2506 1387 2555 ovissi-

231 2570 388 2634 sequantihus
398 2569 683 2637 amplificavitmstheac:
701 2570 793 2635 siquid
825 2586 897 2630 mem,
913 2587 968 2636 qun
986 2571 1076 2622 recedit
1090 2573 1121 2619 ab
1138 2578 1235 2620 externe
1258 2570 1387 2634 elegantia.

231 2633 297 2700 apud
319 2646 358 2684 me
377 2634 553 2697 nnimtdvertis,
576 2636 707 2693 Mecenas,
727 2636 793 2699 quod
826 2634 856 2683 ln
877 2651 947 2685 versu
964 2637 998 2684 94
1019 2637 1143 2685 Mecanas
1166 2634 1197 2683 ob
1211 2634 1311 2700 capillos
1326 2634 1386 2683 ine·

230 2708 333 2747 externae
353 2698 448 2748 vivendi
465 2698 550 2747 'rationi
570 2707 696 2764 repugnet,
715 2698 792 2760 rides,
825 2698 929 2765 qualiter
950 2708 1052 2749 resectos
1075 2702 1159 2756 ridere,
1182 2713 1247 2746 nunc
1268 2697 1300 2746 ob
1322 2698 1386 2749 mele

229 2770 264 2819 at,
279 2763 354 2827 siege
365 2762 500 2812 homoeurn
512 2763 592 2811 verius
606 2771 630 2813 et
643 2762 790 2821 inconstans,
823 2772 914 2813 sectum
925 2779 1030 2827 unguem
1039 2764 1176 2813 stomachari
1184 2760 1281 2811 dicitur.

230 2826 288 2875 dum
311 2844 348 2879 me
371 2827 402 2875 ad
423 2827 541 2877 solemnes
559 2825 681 2874 hominurn
703 2842 792 2877 errores
859 2828 913 2877 106.
944 2828 980 2875 De
1003 2837 1024 2876 te
1045 2829 1174 2890 pendentis,
1199 2835 1221 2873 te
1245 2828 1386 2888 respicientis

230 2905 298 2955 agere
319 2900 399 2957 putes,
421 2907 470 2941 nou
493 2890 564 2940 rides.
596 2890 710 2940 Horatius
730 2890 790 2956 jam,
823 2888 1386 2957 amici:amicianututuoplanependentis,te

230 2964 259 3004 ut
276 2956 365 3021 passim
382 2957 451 3013 alias,
469 2954 500 3005 ad
519 2970 545 3004 se
564 2954 642 3011 refert,
661 2956 724 3020 quod
743 2971 791 3005 non
823 2956 849 3005 in
879 2956 956 3005 oculis
982 2955 1106 3019 gestantis,
1129 2956 1168 3005 vol
1194 2954 1295 3017 gratiam
1319 2961 1385 3002 tunm

229 3020 321 3085 proprie
337 3020 368 3069 ed
384 3020 471 3085 ipsum,
484 3018 526 3069 sed
538 3019 568 3069 sd
583 3034 789 3085 unumquemque,
822 3021 960 3084 sequentis;
985 3020 1020 3068 sic
1036 3028 1099 3069 certe
1118 3022 1228 3082 respicere
1246 3018 1309 3085 apud
1332 3019 1385 3068 Jnl.

229 3084 271 3147 qui
290 3084 332 3140 its,
350 3095 377 3133 ut
394 3086 484 3143 scribit,
500 3084 525 3132 in
542 3083 666 3149 publicum
683 3083 789 3159 prodeat,
823 3086 887 3134 Caes.
905 3085 937 3133 B.
948 3086 980 3135 C.
996 3084 1014 3141 i,
1030 3088 1053 3142 l,
1070 3086 1113 3133 Sin
1133 3086 1243 3132 Casorem
1260 3086 1385 3147 respiciant

228 3148 265 3196 vel
285 3148 458 3205 inconstantia,
480 3148 576 3214 qualem
596 3147 717 3209 describit,
739 3148 791 3197 cul·
822 3160 890 3211 atque
900 3153 950 3211 ejus
958 3152 1062 3213 gratiam
1071 3158 1207 3211 sequamur.

229 3226 284 3275 pam
293 3210 340 3261 sibi
355 3214 489 3269 contrahet,
505 3210 654 3261 referendum
666 3220 711 3261 est.
744 3214 792 3261 Pro
858 3214 980 3268 106107.
997 3216 1160 3269 Adsummum,
1171 3218 1258 3261 utrem
1269 3211 1295 3259 in
1306 3226 1386 3276 peuce

227 3276 319 3339 vulgari
336 3276 437 3325 lectione
452 3286 559 3325 curtatus
570 3292 593 3323 ι.
604 3277 645 3331 94,
657 3275 687 3325 ed
705 3284 789 3325 aucto-
821 3277 958 3326 conferam:
979 3275 1089 3327 similiter
1107 3292 1162 3342 sup.
1177 3278 1228 3324 Sat.
1248 3276 1266 3331 i,
1284 3278 1309 3331 ³,
1328 3277 1383 3335 137,

228 3339 321 3389 ritatem
347 3340 502 3408 plurimorum
525 3339 604 3389 Codd.
626 3340 691 3405 apud
717 3340 791 3389 Feem
823 3342 859 3388 Ne
880 3342 973 3405 tongum
986 3342 1089 3405 facium.
1121 3342 1180 3391 Janr
1200 3338 1293 3388 videtur
1314 3348 1385 3404 poeta

226 3402 282 3452 dedi
302 3416 406 3463 curatus,
427 3414 451 3453 et
472 3420 533 3454 vers.
554 3420 591 3468 sq.
610 3402 720 3463 Ocmrro,
734 3420 790 3478 pro,
822 3404 938 3469 subjicere
949 3405 1107 3455 lerevoluisse
1117 3404 1178 3453 hoc:
1197 3410 1214 3433 ‘¹
1222 3404 1288 3452 solus
1304 3403 1332 3461 is,
1340 3404 1384 3469 qui

228 3468 342 3529 occurri,-
359 3478 459 3533 utroque
475 3468 539 3517 anim
555 3468 626 3517 lectio
640 3469 789 3517 cretionrest
821 3468 852 3517 nd
874 3468 997 3533 sapientie
1020 3477 1140 3535 precepta
1161 3468 1234 3516 vitam
1254 3470 1383 3532 componit,

224 3547 240 3579 a
256 3533 310 3581 tior.
354 3534 380 3581 Si
409 3544 505 3582 curatus
535 3534 638 3595 capillos,
668 3548 698 3581 ιι
733 3540 789 3581 noto
821 3532 914 3583 l'elirat
928 3532 1012 3581 beatus
1028 3533 1097 3591 est;’'
1116 3547 1196 3598 proco
1211 3531 1383 3597 potuitverba,
1453 3581 1457 3586 ,

225 3594 788 3709 ,ttmlttlttttlll⁸‘titt‘
821 3594 1384 3710 1110111100ῗίῗῖἓέῒῗῗοέἷῦἁῖὲἷὲἐ

227 3680 439 3790 ,inmuni
450 3724 540 3775 tondet.
644 3677 684 3726 'q
818 3736 850 3773 ..ι
869 3725 934 3780 1000,
946 3724 972 3771 ι.
983 3740 1005 3773 0.
1016 3696 1113 3790 „pst
1129 3678 1172 3772 uli
1189 3722 1245 3773 ron
1264 3722 1382 3787 dignitate

234 3794 238 3803 '
254 3792 298 3839 95.
314 3790 442 3848 Subucutn,
454 3787 525 3837 vestis
541 3786 645 3844 interior,
658 3804 712 3863 qum
725 3787 786 3849 geri·
818 3789 896 3839 cedit:
915 3788 945 3837 de
960 3788 1081 3838 locutione
1098 3790 1173 3836 minor
1184 3798 1216 3836 est
1234 3789 1318 3850 uliquis
1335 3789 1380 3837 sti·

225 3861 264 3917 tur
286 3852 366 3903 subter
386 3852 478 3901 tunice.
514 3852 589 3909 Trite,
611 3851 706 3909 detnta,
726 3851 785 3900 nihil
819 3870 863 3918 quo
884 3852 995 3918 exempla
1012 3850 1079 3902 dedit
1099 3851 1184 3900 Lamb,
1217 3850 1265 3899 Res
1284 3852 1383 3915 dens‘pus

225 3916 328 3989 emplius
339 3918 401 3966 lane
412 3917 512 3973 habens,
522 3918 698 3981 (augescunt.)
710 3932 784 3983 oppo-
816 3934 910 3983 regum:
928 3916 961 3965 cl.
973 3932 1028 3983 sup.
1040 3918 1091 3965 Sat.
1102 3914 1120 3975 i,
1131 3918 1156 3973 3,
1170 3916 1217 3963 125
1227 3922 1252 3964 et
1263 3916 1319 3963 136.

225 3981 289 4030 nitur
303 3982 390 4031 tunice
407 3998 476 4043 pene,
487 3982 544 4029 lena
558 3990 637 4030 comte
651 3980 729 4030 adhuc
741 3981 784 4029 ob·
852 3982 906 4030 108.
921 3982 1038 4043 Precipus
1047 3997 1128 4029 mnus:
1140 3996 1195 4044 ergo
1206 3978 1309 4045 corporis
1321 3994 1381 4044 quo-

223 4055 301 4101 tecte,
324 4046 402 4095 adbim
427 4046 535 4094 villose:
562 4046 669 4094 Mamial.
690 4044 716 4099 ii,
742 4047 784 4104 50,
817 4061 864 4111 qne
882 4044 1009 4093 sanitatem
1025 4045 1157 4095 referebant
1172 4043 1246 4092 Stoici
1262 4042 1292 4091 ed
1307 4043 1380 4102 bona,

227 4110 327 4159 Pexatus
334 4112 430 4173 pulchre
439 4112 500 4157 rides
510 4126 568 4166 meo,
581 4112 652 4166 Zoile,
665 4112 732 4158 trita.
818 4126 873 4176 qum
896 4108 1030 4174 discipline
1049 4126 1100 4158 susa
1115 4110 1231 4171 precipue
1249 4106 1380 4169 deberem

255 4175 297 4231 96,
305 4176 348 4223 97.
368 4174 408 4222 Vel
417 4177 500 4247 siltogn
511 4176 605 4221 dissidet
616 4176 698 4236 impar,
712 4173 786 4222 altere
818 4174 859 4223 sed
878 4172 944 4221 addit
960 4172 1029 4247 salse,
1051 4176 1097 4247 piri
1117 4190 1170 4220 curn
1183 4174 1271 4234 pituita
1289 4173 1381 4220 molesto

222 4238 786 4365 mtlgtttttttttttftt
817 4236 1304 4373 {tlttnttlttlttbtlt
1314 4237 1380 4349 llll

222 4382 278 4415 cum
293 4365 402 4415 mihimet
417 4366 472 4431 ipsi,
487 4365 558 4415 modo
574 4366 619 4413 hoc
638 4366 709 4414 modo
725 4364 786 4413 illud
818 4366 867 4431 apti
895 4374 973 4427 sunt,
1001 4365 1068 4422 hinc,
1100 4374 1128 4414 nt
1153 4382 1168 4413 ο
1211 4371 1288 4412 ment
1316 4364 1379 4412 Ges-

222 4430 352 4495 appetenti,
378 4446 499 4496 repugn03
526 4444 582 4479 curn
607 4444 692 4496 sperno
719 4429 784 4495 quod
818 4446 897 4486 nerus,
912 4432 1041 4486 murm,
1060 4428 1125 4495 apud
1142 4428 1241 4477 Grecos
1252 4428 1378 4501 ιοριζῶν-

221 4494 287 4567 petii,
300 4503 379 4560 repeto
390 4494 455 4559 quod
465 4494 536 4543 modo
552 4492 629 4552 omisi,
640 4510 695 4542 curn
711 4493 785 4542 animi
817 4510 872 4555 τις,
887 4511 957 4543 sonus
968 4492 1041 4557 igitur
1053 4492 1101 4541 ἰιι
1113 4508 1184 4541 sensu
1196 4493 1316 4565 ambiguo,
1327 4500 1378 4565 tarn

221 4568 312 4624 impetu
332 4567 357 4608 et
377 4558 464 4609 fervore
484 4558 531 4607 buc
548 4558 607 4607 illuc
626 4557 710 4621 agitor,
728 4573 784 4606 curn
816 4558 846 4607 da
863 4565 943 4607 mente
958 4572 1029 4622 quam
1047 4509 1377 4621 decorpore,d1ctumvrde-

221 4630 296 4671 totum
308 4621 362 4672 ritae
373 4622 478 4673 ordinem
490 4622 605 4679 disturba,
617 4630 675 4672 cett.
816 4632 863 4673 tur.
896 4622 1008 4671 Ceterum
1018 4636 1064 4668 vor
1082 4624 1169 4681 pituita
1183 4618 1259 4667 tribus
1268 4618 1377 4683 syllabis,

256 4688 312 4737 101.
336 4686 443 4736 insanire
461 4688 576 4744 ιιιιιιιίι,
599 4686 628 4735 ad
653 4686 784 4737 solemnem
817 4695 851 4737 nt.
860 4702 914 4751 sup.
926 4688 977 4734 Sat.
987 4684 1013 4742 ii,
1026 4686 1051 4741 2,
1064 4686 1105 4741 76,
1118 4682 1297 4751 pronuncianda
1307 4691 1352 4731 est.
