3659 5892
501 518 567 583 506
874 517 1273 584 EPISTOLARUM

520 671 565 735 60
586 670 660 735 llos
674 671 803 749 ediscit,
818 682 852 737 et
865 672 928 737 boa
942 682 1033 736 arcto
1047 672 1169 757 stipata
1183 670 1323 749 tbeatro,

585 772 723 857 Spectat
737 773 844 839 Roma
857 786 993 859 potens;
1015 772 1117 839 babet
1131 773 1192 839 hos
1207 784 1420 857 numeratque
1435 786 1552 860 poetas

583 874 641 941 Ad
656 888 803 941 nostmm
817 888 946 962 tempus
962 874 1038 941 Livi
1052 876 1219 961 scriptoris
1235 878 1278 940 ab
1293 898 1373 940 aevo.

584 976 754 1045 Interdum
767 980 885 1065 vulgus
899 990 1024 1045 rectum
1038 978 1145 1057 videt3
1168 989 1220 1043 est
1234 979 1293 1043 ubi
1306 988 1431 1061 peccat.

584 1080 621 1145 Si
636 1093 763 1149 veteres
777 1084 825 1147 ita
836 1082 973 1147 miratur
987 1080 1164 1165 laudatque
1179 1092 1306 1167 poetae,

518 1182 562 1245 65
584 1182 632 1247 Ut
646 1184 727 1248 nihil
741 1183 912 1261 anteferat,
928 1182 1010 1249 nibil
1021 1182 1083 1249 illis
1098 1194 1276 1268 comparet,
1292 1193 1397 1247 errat:

583 1284 620 1349 Si
634 1287 784 1371 quiedam
798 1287 893 1351 nimis
907 1286 1052 1369 antique,
1069 1286 1096 1350 ei
1109 1284 1265 1370 pleraque
1280 1284 1362 1349 dure

584 1387 707 1455 Dicere
720 1390 809 1456 cedit
823 1412 892 1465 eos,
907 1389 1024 1473 ignave
1038 1387 1139 1453 multa
1151 1386 1284 1463 latenn,

585 1490 632 1555 Et
646 1492 743 1577 sapit,
757 1502 793 1556 et
805 1514 931 1557 mecum
946 1489 1035 1567 facit,
1050 1500 1084 1555 et
1097 1488 1181 1555 dore
1191 1488 1321 1574 judicat
1335 1510 1440 1572 aequo.

582 1593 662 1658 Non
676 1594 828 1677 equidem
841 1593 995 1671 insector,
1010 1590 1188 1657 delendave
1203 1592 1346 1656 carmina
1360 1590 1435 1656 Liri

519 1696 564 1759 70
585 1694 671 1761 Esse
685 1718 770 1774 reor,
782 1696 911 1761 memini
925 1718 999 1779 quae
1013 1693 1183 1780 plagosum
1197 1691 1276 1757 mibi
1291 1716 1392 1777 parvo

585 1797 750 1862 Orbilium
764 1798 908 1875 dictare,
933 1797 992 1863 sed
1006 1794 1178 1861 emendata
1192 1793 1306 1872 videri,

583 1898 802 1983 Pulchraque,
817 1911 853 1964 et
863 1900 988 1965 exactis
1002 1899 1167 1963 rniriimum
1181 1897 1347 1977 distantia,
1362 1899 1470 1963 miror.

583 2000 674 2065 luter
687 2022 762 2084 quae
776 2005 910 2067 verbum
925 2001 1056 2067 emicuit
1071 2002 1099 2067 ai
1111 2000 1195 2065 forte
1211 2000 1376 2081 decorum,

584 2104 620 2167 Si
635 2127 750 2168 versus
765 2102 864 2189 paulo
878 2103 1066 2168 concinnior
1080 2124 1163 2167 unus
1179 2113 1213 2167 et
1227 2102 1320 2180 alter,

519 2208 562 2270 75
584 2206 709 2292 lnjuate
724 2217 828 2271 totum
842 2206 935 2270 ducit
950 2205 1125 2289 venditque
1141 2228 1266 2291 poema.

500 2396 581 2444 Laert.
598 2392 650 2450 viii,
669 2392 716 2454 76)
733 2392 855 2457 egregium
872 2390 947 2441 inisse
963 2400 1058 2457 poetam
1090 2389 1176 2439 studiis
1186 2390 1293 2441 imbutus
1307 2399 1332 2441 et
1347 2407 1377 2441 ex
1388 2391 1465 2443 milite
1474 2391 1557 2442 lactus
1568 2402 1603 2442 est
1613 2394 1648 2441 lu-

498 2459 645 2509 comicums
677 2468 718 2507 ute
770 2458 847 2506 uitur:
864 2456 914 2506 rid.
927 2454 1059 2505 Hermanni
1090 2454 1234 2529 dimaqisten
1247 2454 1287 2505 ndi
1303 2454 1401 2504 Sueten.
1411 2455 1442 2505 de
1457 2458 1552 2506 illustr.
1564 2458 1648 2505 Gram-

500 2523 646 2572 Harlessiili
678 2523 706 2571 ll.
716 2523 747 2572 de
779 2522 909 2589 picbarmo,
922 2538 947 2587 p.
959 2522 990 2571 47
1005 2536 1058 2585 sqq.
1091 2518 1184 2569 malicus
1206 2534 1230 2568 c.
1248 2520 1274 2569 9.
1308 2521 1371 2570 Cum
1395 2530 1458 2570 esset
1482 2522 1602 2577 Orbilius,
1624 2530 1649 2571 ut

497 2598 523 2700 t
539 2586 773 2701 ‘tibilim
793 2586 946 2699 iiiiii?
979 2584 1059 2699 '¹th
1088 2583 1319 2715 tiitdlttzd
1331 2584 1649 2701 {littam

500 2718 638 2779 Properat-c,
649 2686 774 2767 intebtiore
785 2716 840 2764 unu
855 2714 965 2765 imitandi
980 2712 1057 2764 studi·
1089 2714 1173 2763 acerbe
1192 2722 1310 2770 tractaret.
1323 2714 1446 2770 Horatius.
1454 2714 1508 2789 jam
1527 2716 1647 2789 plagarum

497 2798 539 2829 um
565 2780 687 2844 dirigere5
720 2780 767 2829 nisi
794 2780 892 2829 tunm
924 2782 1058 2843 properanti
1089 2778 1120 2827 ab
1142 2793 1171 2826 eo
1192 2788 1343 2845 acceptarunt
1364 2794 1501 2828 memoriam
1529 2781 1647 2837 retineant,

499 2847 587 2894 Plauto
604 2845 763 2895 festinationis
781 2844 853 2893 simul
870 2842 955 2893 vitium
974 2860 1058 2911 expro-
1090 2858 1144 2891 eum
1153 2844 1193 2905 piu
1211 2860 1272 2889 osum
1283 2851 1361 2891 vocat.

498 2909 588 2959 bratur.
1121 2907 1161 2955 72.
1181 2860 1273 2955 finctis
1283 2910 1402 2955 minimum
1411 2907 1648 2975 distantia,prnxime

530 2976 572 3025 69.
590 2975 687 3031 Cccilii,
703 2973 811 3023 Insubris
828 2972 904 3031 Galli,
922 2978 997 3037 poete
1014 2986 1055 3019 co·
1088 2970 1226 3021 accedentia
1245 2971 1275 3019 ad
1294 2986 1323 3021 ea
1357 2988 1395 3021 ure
1413 2971 1444 3020 ad
1464 2988 1575 3022 normam
1594 2972 1648 3021 recti

497 3038 562 3095 mici,
581 3054 652 3104 quem
674 3038 788 3088 Horatius
807 3039 832 3086 b.
848 3039 866 3087 l.
883 3034 1056 3086 sententiarum
1088 3044 1173 3085 exacta
1183 3043 1248 3093 sunt,
1260 3051 1316 3099 ergo
1369 3036 1482 3100 perlecta.

497 3102 613 3167 gravitate
631 3103 744 3152 Plautum
763 3118 887 3169 superasse
905 3102 949 3157 ait,
967 3100 1056 3149 mentio
1121 3100 1227 3149 73—75.
1245 3100 1380 3165 Interque,
1393 3109 1450 3149 cett.
1482 3101 1513 3149 In
1533 3102 1580 3151 boc
1597 3102 1648 3150 loca

496 3183 594 3232 quoque
605 3168 631 3217 fit
641 3168 685 3217 inl.
696 3168 721 3217 iu
733 3169 810 3234 Epist.
823 3168 855 3215 ad
865 3165 917 3214 Pis.
928 3182 952 3213 r.
962 3166 1003 3213 54.
1087 3172 1136 3213 tarn
1150 3164 1293 3229 explicando
1309 3180 1382 3230 qnam
1397 3164 1549 3213 emendando
1567 3165 1649 3215 trustra

530 3234 571 3289 60,
590 3234 632 3283 61.
651 3234 723 3282 Arcto
741 3236 827 3295 stipatu
846 3234 944 3286 theatro,
963 3230 1055 3291 Spectat
1087 3244 1113 3278 se
1130 3236 1247 3277 torserunt
1264 3229 1343 3294 plures
1354 3228 1501 3295 interpretes.
1515 3230 1648 3287 Bentleins,

500 3298 572 3345 linum
587 3309 665 3359 potens
672 3316 681 3357 ;
699 3298 755 3346 binc
770 3314 825 3363 sup.
837 3295 915 3363 Epist.
931 3294 949 3351 i,
962 3295 1002 3350 19.
1014 3294 1055 3350 41,
1089 3294 1221 3349 Generis,
1232 3302 1290 3343 cett.
1304 3293 1366 3349 ideo,
1395 3294 1516 3358 uto,quia
1531 3298 1648 3345 discerent

496 3364 567 3425 spissa
577 3363 669 3411 sedilia.
1088 3360 1351 3423 venderenonea,qua
1384 3358 1647 3423 chabanesignificui-

529 3428 571 3477 62.
599 3428 663 3475 Lici.
705 3426 789 3475 Livius
807 3422 969 3479 Andronicus,
987 3430 1058 3488 poeta
1089 3430 1299 3487 oneaceeperunt.
1332 3424 1436 3471 Sensus:
1455 3424 1474 3472 si
1491 3423 1647 3473 lorteinear·
1688 3457 1692 3467 .

496 3492 611 3550 comicus,
637 3492 701 3540 Livii
730 3488 878 3546 Salinatoris,
901 3486 971 3536 cu'us
996 3486 1057 3535 filias
1089 3486 1201 3543 minibus,
1213 3504 1268 3551 quse
1279 3486 1375 3554 scripsit
1385 3486 1477 3547 Livius,
1488 3488 1590 3552 elegans
1599 3504 1647 3537 ver·

496 3555 639 3611 erudiverat,
651 3556 758 3611 libertus,
769 3556 803 3605 U.
813 3554 843 3603 C.
854 3571 918 3601 nxsv
964 3552 1055 3601 .Clau·
1088 3548 1154 3605 burn,
1167 3549 1205 3599 vel
1221 3566 1285 3599 unus
1300 3560 1326 3599 et
1341 3551 1401 3600 alter
1411 3568 1494 3601 versus
1509 3552 1648 3603 concinnior

496 3620 536 3667 dio
556 3620 639 3681 (Caci
656 3622 718 3683 lilio)
736 3630 761 3671 et
779 3621 817 3667 Μ.
829 3616 970 3682 Sempronio
980 3614 1056 3665 Tudi·
1088 3614 1182 3670 enituit,
1194 3615 1281 3679 rnlgus
1293 3619 1378 3679 injuste
1389 3618 1488 3681 (preter
1497 3619 1563 3681 rem)
1575 3628 1646 3667 totum

497 3693 553 3733 tano
569 3686 623 3735 Cas.
635 3685 727 3760 primus
738 3686 825 3735 Rome
840 3682 945 3731 fabulam
961 3679 1055 3729 dedisse
1088 3694 1172 3745 poema
1189 3680 1313 3745 pulcbrum
1325 3689 1350 3727 et
1360 3682 1504 3731 concinnum
1522 3696 1577 3731 esse
1593 3699 1646 3733 cen-

496 3748 600 3797 dicitur:
619 3750 668 3798 vid.
680 3750 734 3799 Liv.
744 3750 777 3804 vi,
790 3746 922 3804 l,etGell.
935 3744 1044 3801 xvii‚2l.
1087 3754 1132 3797 aet.
1155 3752 1177 3791 et
1201 3744 1245 3793 boc
1267 3744 1363 3792 nomine
1385 3745 1478 3794 laudat.
1512 3746 1581 3795 luter
1602 3764 1647 3811 que

529 3814 569 3862 66.
588 3815 664 3863 Nimis
680 3818 786 3879 antique.-
805 3813 847 3877 qui
866 3810 936 3859 nimis
953 3817 1058 3859 sectatur
1088 3806 1147 3857 reler
1158 3806 1188 3855 ad
1206 3810 1309 3856 cannino
1323 3808 1377 3857 Liui
1388 3808 1414 3857 in
1425 3826 1448 3859 r.
1461 3810 1502 3859 69.
1536 3810 1647 3869 Emicuit,

496 3877 580 3942 prisca
592 3878 668 3927 utatis
679 3881 758 3935 verba,
771 3877 823 3943 ejus
834 3875 908 3925 oratio
918 3884 955 3924 est
964 3873 1058 3923 borrida
1089 3888 1131 3939 pro
1142 3872 1242 3937 vulgari,
1254 3872 1364 3939 placuit,
1380 3878 1477 3923 emicare
1487 3873 1603 3925 dicuntur
1613 3880 1647 3925 rei

496 3951 569 4005 atque
580 3943 679 3992 inculta.
1104 3954 1141 3985 ure
1152 3953 1200 4002 pre
1214 3936 1299 3986 ceteris
1311 3938 1495 4003 pulchritudinis
1505 3954 1557 3988 sue
1569 3941 1647 4006 splen·

528 4008 569 4055 67.
594 4006 661 4057 Cedit
678 4009 727 4069 (sc.
744 4005 845 4070 vulgus)
863 4020 913 4070 pro,
929 4002 1053 4053 concedit:
1086 3954 1142 4051 dore
1159 4002 1242 4075 oculos
1258 4000 1289 4049 ad
1306 4016 1332 4075 se
1347 4002 1482 4059 advertunt,
1496 4002 1647 4071 placentque.

496 4072 557 4119 Stat.
569 4071 674 4129 Thebi,
687 4074 745 4129 704,
755 4074 795 4119 cui
805 4072 895 4120 etherii
905 4070 962 4116 dono
973 4085 1054 4117 cessere
1088 4066 1170 4122 Ducit,
1188 4074 1300 4121 estimat.
1315 4066 1419 4131 judicat,
1430 4076 1520 4123 censet,
1536 4083 1572 4117 ac.
1589 4086 1646 4118 eon·

494 4146 599 4197 parentes
615 4138 739 4185 AEternum
753 4136 841 4200 florere
859 4150 943 4197 genus.
977 4132 1053 4182 Recte
1086 4130 1201 4189 cinnum,
1217 4130 1252 4179 aie
1268 4146 1330 4196 sepe
1341 4132 1434 4189 ducere,
1446 4142 1475 4181 ut
1485 4132 1573 4183 docent
1585 4134 1646 4184 Lex-

496 4200 624 4250 Bentleim
638 4202 669 4251 ad
686 4200 757 4249 tidem
774 4199 838 4264 Reg.
855 4202 910 4247 Soc.
928 4196 988 4247 eod.
1003 4213 1052 4261 pro,
1086 4194 1138 4243 ica:
1157 4194 1199 4243 ini.
1211 4212 1235 4243 v.
1247 4196 1287 4251 8³,
1304 4196 1395 4257 aliquid
1412 4212 1499 4245 rectum
1516 4200 1610 4257 ducere,
1624 4208 1647 4247 et

494 4268 578 4321 credit,
615 4266 663 4315 uod
684 4273 741 4314 vett.
760 4262 828 4313 editt.
846 4262 948 4317 obsidet,
966 4264 1055 4327 recepit
1087 4274 1141 4325 sup.
1154 4260 1232 4315 Sati,
1244 4258 1268 4315 6,
1280 4260 1321 4315 62,
1334 4261 1449 4324 Magnum
1465 4264 1505 4309 lior
1518 4279 1560 4327 ego
1571 4264 1645 4323 duco,-

494 4334 564 4379 ccdit.
597 4282 685 4393 dgnuve
701 4332 776 4379 multu
790 4328 903 4394 fatetur:
921 4327 941 4375 si
957 4325 1053 4385 latetur,
1086 4324 1245 4391 supplendum
1262 4333 1342 4373 autem
1360 4334 1396 4373 est
1411 4326 1510 4375 omnino
1526 4326 1558 4375 ad
1572 4329 1645 4383 ducit,

495 4394 572 4443 multa
587 4406 676 4445 veteres
692 4395 771 4445 dicere
787 4396 878 4458 ignave,
892 4390 985 4457 lrigide,
1000 4390 1053 4438 lan·
1086 4392 1188 4455 vulgw
1206 4397 1233 4438 ut
1248 4404 1302 4453 sup.
1313 4405 1337 4436 ν.
1348 4390 1380 4437 67
1399 4388 1430 4438 ad
1446 4393 1515 4447 cedit,
1532 4399 1556 4440 et
1573 4408 1596 4439 v.
1616 4392 1646 4443 68

495 4459 576 4523 gulde,
587 4459 675 4526 inepte.
1072 4452 1116 4503 ad
1132 4456 1202 4516 sapit,
1213 4452 1288 4520 sacti,
1298 4454 1406 4516 judicat.
1443 4454 1537 4513 Vendit,
1554 4454 1644 4512 laudat,

526 4526 569 4573 68.
584 4524 640 4574 Jove
655 4542 727 4591 equo,
739 4524 841 4580 lavante,
859 4518 974 4579 amando,
991 4530 1018 4569 ut
1029 4536 1052 4568 v.
1084 4516 1252 4577 commendat;
1269 4516 1303 4566 sic
1321 4517 1408 4582 passim
1425 4522 1521 4568 oendm
1532 4529 1556 4569 et
1567 4522 1644 4569 uendi-

494 4589 526 4637 94
527 4591 634 4702 porrum
644 4608 718 4655 equa.
1085 4594 1149 4641 κατι,
1167 4590 1203 4631 est
1214 4582 1278 4631 enim
1288 4580 1429 4631 translatum
1441 4598 1456 4631 a
1467 4584 1645 4639 mercatoribus,

546 4657 568 4703 i.
586 4656 716 4703 Orbilium:
732 4651 763 4701 de
775 4650 872 4705 Orbilio,
884 4648 928 4714 qui
942 4664 957 4697 a
973 4656 1052 4697 tenera
1085 4646 1127 4713 qui
1143 4646 1244 4695 laudant
1258 4654 1283 4695 et
1299 4648 1468 4698 commendant
1485 4664 1576 4699 merces
1586 4666 1645 4715 quas

494 4718 550 4769 iude
560 4728 631 4770 atate
643 4736 690 4783 non
701 4716 786 4769 leviter
795 4717 911 4765 bonarum
923 4714 1052 4763 litterarum
1085 4712 1186 4769 vendere
1200 4710 1316 4776 cupiunt:
1335 4710 1389 4761 Cic.
1406 4713 1437 4762 ad
1452 4714 1529 4763 Attic.
1542 4712 1591 4773 xiii,
1607 4716 1643 4773 12,
