3659 5892
355 554 617 636 PRAEFATIO
641 553 892 622 EDITIONIS
916 554 1172 624 SECUNDAE.
1299 578 1343 622 xv

173 741 324 824 pecunia
348 743 471 827 cuique,
487 753 632 808 veterem
645 741 816 808 lectionem
829 751 886 808 cut
900 741 974 828 (pro
986 743 1085 820 houd,
1099 742 1190 826 quod
1211 763 1255 807 ex
1268 763 1346 808 con·

175 859 314 942 jectura
328 861 421 945 dedi)
436 861 585 927 defendit
599 871 634 926 et
649 861 839 926 servandam
853 883 926 926 esse
945 861 1123 926 contendit.
1169 859 1236 928 Sed
1251 871 1345 926 vetus

178 974 283 1042 lectio
300 989 359 1042 out
372 1001 438 1044 non
453 980 557 1046 solum
578 1001 704 1046 ornnem
724 979 824 1064 hujus
844 979 907 1044 loci
926 978 1120 1065 elegantiam
1134 977 1218 1044 tollit
1230 987 1265 1042 et
1279 977 1347 1045 dis·

179 1097 313 1174 turbat,
337 1099 516 1162 sedetiam
547 1097 773 1176 adumbratam
795 1097 830 1160 in
855 1117 954 1161 versu
979 1105 1136 1180 sequente
1163 1095 1346 1180 imaginem,

186 1213 327 1278 Tor-tum
350 1217 451 1304 dignu
469 1217 560 1302 sequi
577 1215 689 1302 potius
711 1237 805 1300 quum
823 1217 939 1280 ducere
951 1215 1068 1300 sunem
1086 1214 1249 1300 (pecunia,
1272 1237 1346 1299 quar

180 1333 300 1419 potius
331 1335 498 1414 divitibus,
522 1347 561 1400 ut
582 1335 729 1419 jumenta
756 1333 885 1400 ductori
913 1355 985 1410 suo,
1012 1333 1133 1398 servire
1159 1344 1194 1398 et
1218 1355 1346 1419 parere,

182 1473 288 1535 quarn
304 1453 432 1538 (sunem
451 1456 567 1518 ducere
568 1457 587 1536 )
602 1453 761 1537 imperare
781 1452 948 1535 debebat),
963 1450 1061 1536 plane
1074 1452 1230 1517 obscurat
1242 1463 1277 1518 et
1291 1453 1349 1518 dc·

183 1567 321 1638 format·
367 1571 540 1649 Horatius,
561 1571 617 1655 qui
634 1571 748 1655 quavis
763 1579 894 1655 arrepta
908 1571 1079 1635 occasione
1093 1569 1259 1636 hominum
1273 1593 1349 1636 ara·

183 1709 302 1754 rorum
318 1688 488 1754 stultitiam
503 1689 600 1767 ridet,
616 1711 737 1773 eosque
757 1699 794 1753 ut
812 1688 961 1754 homines
982 1689 1065 1752 inter
1080 1711 1158 1775 opes
1171 1689 1284 1774 inopes
1295 1685 1349 1754 rel

183 1827 316 1893 seraper
337 1817 467 1894 egentes
487 1809 644 1892 exagitat,
666 1807 753 1872 idem
774 1805 853 1872 fecit
873 1805 938 1872 hoc
958 1805 1042 1872 loco.
1095 1805 1241 1872 Pecunia
1261 1807 1351 1871 haud

184 1927 300 2003 mit,
317 1949 383 1990 non
399 1947 524 1992 servam
544 1926 638 2011 quasi
655 1897 689 1990 se
708 1934 844 2010 praestet
858 1923 1045 1989 hominibus
1059 1925 1176 2000 avaris,
1191 1946 1256 1988 non
1272 1925 1350 1990 sub-

181 2044 278 2130 jecta
292 2054 344 2109 est
358 2065 471 2110 eorum
485 2043 633 2128 imperio,
650 2043 708 2108 sed
723 2043 796 2128 ipsa
810 2053 861 2107 est
874 2043 1076 2126 imperatrix,
1092 2043 1164 2126 ipsa
1178 2043 1349 2127 imperium

186 2161 223 2227 in
242 2161 395 2227 homines
415 2183 530 2226 avaros
546 2160 609 2226 sibi
624 2163 788 2246 subjectos
802 2169 946 2238 exercet,
963 2161 1036 2244 ipsa
1049 2182 1163 2226 avaros
1177 2160 1350 2246 ducitque

188 2279 272 2346 vult.
319 2279 406 2344 Rem
428 2279 562 2345 conficit
581 2301 693 2345 versus
716 2301 868 2365 sequens,
889 2280 947 2343 ubi
964 2280 1104 2365 pecunia
1120 2279 1229 2364 lepide
1244 2290 1279 2344 et
1292 2300 1350 2364 ap-

189 2399 301 2484 posite
324 2406 533 2482 comparatur
558 2419 631 2462 cum
658 2398 794 2464 ductore
814 2397 1047 2482 jumentorum,
1070 2419 1145 2482 que
1167 2397 1237 2461 funi
1262 2406 1349 2462 torto

190 2538 323 2585 annexa
342 2515 506 2599 patienter
530 2527 711 2599 sequuntur
730 2538 770 2582 eo
784 2538 851 2600 quo
867 2538 886 2580 a
900 2517 1038 2582 ductore
1060 2516 1236 2582 flectuntur
1249 2524 1284 2580 et
1302 2515 1350 2578 ire

185 2636 373 2722 jubentur3
395 2633 544 2720 pecuniae
559 2655 636 2698 vero
653 2655 859 2719 possessores
878 2635 1020 2700 suaviter
1033 2645 1263 2720 comparantur
1276 2655 1351 2698 cum

186 2753 360 2839 jumentis,
376 2773 451 2835 quae
466 2749 544 2816 sune
560 2751 734 2818 ducuntur.
780 2751 925 2818 Pecunia
939 2753 1040 2837 igitur
1053 2775 1130 2830 non,
1143 2761 1182 2815 ut
1195 2751 1350 2829 debebat,

190 2872 303 2948 seruit,
328 2869 388 2934 sed
410 2869 559 2954 imperat.
604 2868 714 2934 Facile
729 2869 862 2953 quidem
875 2870 1032 2948 concedo,
1047 2892 1114 2936 non
1127 2880 1249 2935 temere
1264 2869 1351 2934 solli·

191 2987 344 3056 citandus
359 3009 432 3053 esse
445 2997 572 3054 veteres
590 2987 757 3066 lectiones,
772 3009 791 3052 e
807 2988 927 3073 quibus
946 3009 1062 3054 sensus
1076 2986 1264 3053 commodus
1279 2987 1352 3052 elici

191 3107 318 3192 possit;
343 3105 403 3170 sed
422 3105 481 3170 ubi
502 3105 760 3190 deprehenditur
778 3116 872 3184 ¹vetus
892 3107 1000 3183 lectio,
1016 3107 1126 3172 sensui
1147 3107 1206 3185 rei,
1225 3106 1267 3172 de
1285 3127 1352 3191 qua

193 3245 302 3288 sermo
324 3233 387 3302 est,
403 3223 500 3309 plane
522 3247 720 3310 repugnans,
744 3226 818 3310 quis
841 3247 907 3291 non
929 3247 1026 3310 aequo
1046 3225 1153 3289 animo
1170 3223 1254 3289 ferat
1276 3247 1350 3291 eum

192 3343 250 3426 qui
273 3341 321 3406 illi
343 3341 555 3408 emendandae
577 3365 710 3430 operam
731 3343 799 3422 det,
817 3344 984 3429 praecipue
1006 3345 1034 3408 si
1056 3354 1122 3408 tam
1142 3343 1209 3407 leni
1224 3343 1350 3408 ratione

192 3459 268 3532 fieri
281 3469 405 3544 potest,
422 3471 459 3525 ut
480 3461 544 3528 hoc
558 3462 641 3542 loco,
662 3484 728 3528 una
742 3472 868 3528 tantum
881 3461 1026 3526 litterale
1045 3461 1118 3527 voci
1131 3469 1188 3524 aut
1201 3460 1351 3544 adjecta?

194 3577 324 3643 Verum
352 3580 437 3644 enim
460 3600 537 3643 vero
563 3601 628 3644 non
653 3582 750 3667 pauci
779 3591 892 3646 nostra
917 3590 1014 3646 oetate
1039 3581 1258 3656 inveniuntur,
1282 3579 1350 3662 qui,

195 3697 427 3782 superstitiosa
437 3698 607 3762 vetustatis
619 3699 776 3784 religione
786 3699 876 3764 ducti
889 3700 1030 3784 actique,
1039 3697 1181 3763 omnium
1194 3696 1351 3776 locorum,

195 3839 272 3900 quse
286 3817 420 3902 ingenio
434 3826 611 3894 tententur,
622 3816 767 3883 vindices
781 3827 973 3903 exsurgant,
985 3827 1020 3882 et
1033 3838 1095 3902 pro
1105 3815 1219 3900 quavis
1231 3825 1351 3894 vetere,

195 3935 405 4019 quantumvis
420 3935 542 4019 inepta,
558 3933 696 4000 lectione
719 3936 837 4000 aeriter
856 3945 1022 4021 pugnent3
1044 3934 1097 4000 vel
1109 3934 1167 4020 qui
1181 3933 1231 4017 (ut
1243 3935 1352 4000 verbis

197 4051 316 4136 Magni
346 4051 539 4116 Ruhnkenii
566 4037 601 4117 in
629 4051 728 4138 Elog.
758 4051 1002 4119 Hemsterhusii
1031 4053 1117 4137 utar)
1146 4050 1352 4118 obtrectandi

198 4169 309 4234 studio
331 4191 367 4233 re
389 4170 437 4234 ad
456 4170 638 4234 criticorum
657 4171 784 4236 iuventa
806 4171 995 4236 ratiunculis
1020 4171 1207 4256 quidusdam
1233 4170 1354 4235 coucel-

198 4289 291 4355 lenda
307 4295 439 4373 parent,
462 4287 643 4368 mudantur,
668 4290 791 4368 rudent,
816 4299 859 4366 et,
880 4299 914 4354 ut
933 4291 1004 4356 duco
1025 4293 1202 4377 (lepram
1216 4289 1355 4375 qtsulcru·

199 4429 319 4492 esuque
330 4427 458 4472 sensum
477 4405 646 4492 qffiugaut,
661 4408 774 4474 mucre
793 4430 828 4472 ec
847 4385 1024 4493 torpuerant.
1071 4409 1126 4474 Sic
1148 4431 1215 4472 non
1233 4408 1354 4473 desunt

199 4527 252 4610 qui
275 4528 424 4613 ineptam
448 4523 752 4612 lectionemEpist.
776 4527 811 4605 ii,
830 4529 863 4605 2,
879 4527 933 4604 70,
948 4527 1093 4604 humane,
1113 4547 1156 4592 ex
1178 4547 1244 4610 qua
1265 4523 1356 4590 nulla

195 4668 294 4732 opera
315 4642 462 4712 extundi
483 4653 592 4726 potest
615 4665 729 4711 sensus
749 4645 938 4723 tolerabilis,
953 4646 1134 4731 patrocinio
1154 4667 1213 4710 suo
1229 4652 1353 4727 tegant,
