3659 5892
911 480 1214 595 onesimum

658 688 779 752 Nudus
795 697 903 752 castra
918 695 1007 769 peto,
1022 695 1057 749 et
1072 681 1245 766 transfuga
1258 680 1398 746 divitum
1425 701 1429 707 ’

860 813 862 818 ·
916 787 1034 850 Partes
1047 785 1198 869 linquere
1212 785 1332 869 gestio,

594 893 637 956 25
660 893 841 958 Contemtae
856 890 1007 954 dominus
1023 887 1228 973 splendidior
1241 886 1301 962 rei,

660 994 769 1068 Quam
784 995 823 1071 si,
839 991 1000 1077 quidquid
1016 999 1088 1054 arat
1101 989 1242 1073 impiger
1256 985 1425 1073 Appulus,

659 1094 837 1161 Occultare
852 1095 932 1159 meis
948 1093 1076 1158 dicerer
1090 1091 1231 1167 horreis,

920 1193 1063 1280 Magnas
1078 1194 1165 1256 inter
1180 1215 1261 1278 opes
1276 1193 1384 1278 inops.

661 1300 760 1363 Purae
775 1299 863 1364 rivus
878 1321 985 1382 aquae,
1002 1295 1147 1379 silvaque
1159 1295 1316 1379 jugerum

597 1403 641 1465 30
663 1401 858 1479 Paucorum,
875 1411 908 1464 et
924 1399 1045 1483 segetis
1061 1407 1152 1462 certa
1164 1396 1250 1461 fides
1265 1418 1359 1474 meae,

660 1503 855 1588 Fulgentem
869 1504 1006 1587 imperio
1021 1499 1139 1566 fertilis
1154 1497 1282 1565 Airicae

920 1603 1029 1669 Fallit.
1076 1601 1174 1667 Sorte
1187 1603 1328 1679 beatior,

663 1707 869 1791 Quarnqusm
883 1728 944 1771 nec
961 1702 1112 1769 Calabrae
1126 1704 1223 1769 mella
1237 1702 1350 1769 ierunt
1364 1727 1456 1790 apes,

661 1807 735 1874 Nec
752 1809 980 1894 Laestrygonia
994 1807 1149 1871 Bacchus
1162 1809 1198 1870 in
1212 1805 1374 1891 amphora

597 1911 641 1974 35
663 1911 864 1996 Languescit
878 1911 968 1988 mihi,
984 1931 1044 1974 nec
1059 1909 1195 1994 pinguia
1210 1907 1350 1974 Gallicis

920 2011 1084 2076 Crescunt
1098 2010 1218 2075 vellera
1232 2011 1383 2096 pascuis:

662 2116 852 2201 Importuna
867 2126 975 2180 temen
988 2113 1169 2198 Pauperies
1183 2115 1296 2191 abest3

489 2286 596 2346 quinam.
637 2285 680 2333 Nil
701 2290 843 2350 cupientium
867 2285 953 2333 Nudm
974 2292 1051 2332 caure
1083 2283 1152 2332 silvis
1162 2298 1296 2350 paucorum
1303 2281 1427 2348 jugerum,
1437 2281 1555 2331 relenta
1568 2283 1659 2348 segetis
1810 2164 1812 2317 d

488 2358 555 2409 peto:
580 2364 633 2413 ego,
657 2348 699 2424 qui
721 2351 801 2400 nullas
822 2349 919 2398 divitias
942 2347 1052 2413 possideo
1083 2363 1144 2396 mess
1165 2356 1282 2412 proventu
1302 2345 1442 2412 perfundor,
1462 2346 1523 2396 latet
1538 2363 1597 2396 eum
1613 2349 1659 2414 qni

490 2411 606 2523 grandus),
629 2414 716 2462 iactam
738 2431 794 2464 cum
815 2415 844 2463 iis
867 2413 909 2478 qui
930 2411 1018 2479 pariter
1037 2427 1052 2460 a
1084 2411 1266 2461 latifundiorum
1289 2413 1315 2461 in
1336 2411 1410 2460 fertili
1429 2411 1514 2461 Africa
1534 2427 1562 2461 ee
1584 2412 1662 2462 'sent

507 2476 624 2526 ivitiarum
657 2479 805 2544 possessione
837 2477 974 2528 abhorrent.
1019 2475 1051 2524 Et
1083 2476 1284 2544 possessionibus.
1302 2476 1394 2525 ·Sortis
1409 2475 1484 2542 igitur
1500 2492 1562 2525 mese
1578 2429 1659 2526 letici-

492 2541 618 2606 tronssuga
634 2545 733 2592 divitum
751 2545 834 2593 Partes
851 2543 955 2605 linquere
969 2543 1051 2607 gestio,
1084 2548 1157 2590 tatem
1177 2556 1274 2590 meeum
1292 2557 1318 2590 re
1334 2549 1416 2598 utens,
1435 2540 1518 2589 rident
1535 2555 1582 2605 ego
1596 2541 1661 2591 mibi

491 2613 515 2653 et
525 2605 611 2654 lubens
621 2607 751 2672 volensque
761 2624 800 2658 me
810 2623 824 2656 a
835 2605 936 2656 divitum
947 2605 1054 2671 partibus
1085 2604 1206 2670 ejusmodi
1226 2557 1409 2654 latifundiomm
1427 2619 1566 2671 possessore
1584 2607 1661 2680 longe

491 2668 599 2734 sejungo.
633 2673 699 2721 Usus
713 2682 749 2721 est
759 2672 873 2722 Horatius
893 2669 1054 2719 locutionibus
1085 2669 1194 2732 beatior3
1211 2668 1498 2735 quamquameaimnon
1508 2669 1585 2724 eain
1601 2686 1659 2782 pnr-

491 2749 545 2797 quae
556 2735 663 2784 similiter
672 2736 854 2785 aliasamilitia
862 2733 893 2784 ad
918 2735 994 2783 biloso
1009 2734 1054 2782 ho·
1087 2734 1132 2782 bus
1154 2735 1230 2798 vulgo
1256 2742 1386 2784 censentm
1410 2733 1511 2789 divitie,
1535 2735 1601 2799 possi
1619 2751 1659 2795 eo,

491 2813 544 2846 rum
555 2809 632 2848 sectas
641 2801 679 2850 vel
687 2800 827 2866 disciplinas
837 2753 958 2849 translerri
969 2751 1055 2848 solent.
1088 2797 1148 2872 nibil
1159 2807 1240 2848 umen
1252 2799 1283 2848 sd
1293 2800 1349 2848 vite
1360 2814 1434 2846 nsum
1443 2797 1503 2846 mibi
1513 2798 1590 2855 doest,
1600 2809 1661 2850 cett.

492 2865 576 2914 Senes.
595 2865 673 2930 Epist.
691 2867 715 2922 2,
733 2867 795 2914 Soleo
810 2877 832 2914 et
846 2866 965 2913 irretiens
979 2873 1056 2912 esses
1087 2863 1188 2913 Scilicet
1201 2879 1258 2912 cum
1275 2879 1346 2912 voces
1356 2863 1423 2912 Sorte
1437 2865 1525 2911 desnos
1536 2878 1586 2911 non
1601 2879 1662 2914 eum

492 2931 601 2985 tremiss,
618 2947 658 2978 nec
676 2939 785 2994 tanquam
799 2929 934 2996 transfuga,
946 2929 984 2976 aad
1000 2937 1054 2975 tan·
1086 2927 1166 2977 verbis
1183 2928 1390 2983 antecedentibus,
1405 2928 1449 2977 sed
1464 2943 1521 2975 cum
1538 2938 1663 2993 sequente

492 2995 702 3055 qsmmeaptosstor.
733 2995 854 3046 Contenta
864 2995 969 3041 domim
977 2993 1054 3054 spien-
1087 2991 1661 3061 sententiejungendesomninoessevideentnr,

492 3058 569 3104 didici·
586 3062 630 3116 rei,
649 3060 724 3113 Quum
741 3061 770 3116 ri,
787 3059 901 3122 quidquid
918 3065 982 3113 oret,
997 3063 1055 3106 cett.
1086 3055 1303 3131 interpunctionem
1314 3056 1430 3124 majorem
1442 3057 1574 3122 postfslls't
1585 3073 1621 3107 eo
1631 3059 1660 3106 ii·

493 3121 640 3170 Sententiam
652 3123 676 3171 in
688 3122 884 3172 antecedentibus
893 3120 994 3186 positam
1002 3135 1054 3168 am·
1086 3120 1183 3169 deutrus
1193 3123 1271 3186 posui,
1282 3121 1349 3186 quod
1363 3120 1389 3169 in
1404 3121 1515 3177 eandem,
1527 3137 1583 3186 que
1597 3123 1661 3173 mibi

493 3184 582 3250 pliticat
598 3197 622 3236 et
638 3195 738 3236 exornat
753 3187 839 3263 magis.
861 3187 965 3235 Sensus:
977 3185 1056 3234 inulto
1084 3183 1137 3255 jam
1157 3186 1215 3234 olim
1235 3192 1393 3243 succurreret,
1413 3185 1479 3234 hune
1502 3185 1581 3234 locum
1610 3197 1662 3236 tam

493 3249 576 3314 majori
584 3251 642 3299 mihi
651 3251 715 3301 cedit
723 3251 886 3316 honon,quod
897 3265 947 3300 rem
958 3258 1055 3298 tenuem
1086 3248 1251 3314 distinguendi
1272 3265 1348 3316 quam
1372 3249 1512 3315 explicandi
1537 3250 1662 3301 ratiom

493 3322 518 3375 et
528 3315 559 3362 ab
573 3315 627 3364 aliis
641 3325 784 3365 contentam
799 3331 853 3364 meo
867 3313 964 3382 imperio
977 3311 1054 3426 subpi-
1087 3313 1377 3379 Wakefieldiumquoque
1388 3314 1503 3363 incidisse
1512 3314 1571 3363 ridi.
1590 3317 1662 3365 Nan

493 3394 545 3428 cere
556 3379 638 3438 didici,
645 3395 717 3446 quam
726 3379 746 3429 si
757 3396 794 3430 res
802 3379 882 3445 ampla
892 3395 930 3426 me
941 3393 985 3427 sno
995 3393 1025 3426 au
1044 3405 1054 3422 ι
1086 3379 1130 3443 qui
1141 3395 1213 3429 voees
1223 3382 1447 3428 sortsbeattoreum
1458 3379 1665 3431 antecedentibus

490 3442 575 3508 jiceret
590 3445 704 3512 imperi03
720 3446 745 3494 h.
758 3461 780 3495 e.
798 3444 914 3494 tenuitate
926 3458 981 3492 mea
996 3457 1055 3491 con·
1084 3441 1182 3507 junctas
1192 3443 1224 3492 ad
1234 3445 1346 3494 Graecam
1357 3442 1474 3509 loquendi
1484 3443 1615 3502 radonem,
1625 3463 1664 3496 se.

494 3515 574 3558 tentus
584 3511 655 3576 longe
669 3509 760 3560 beatior
771 3525 825 3558 sum
837 3507 920 3564 divite,
932 3507 975 3571 qui
989 3523 1056 3572 mag·
1086 3507 1133 3563 ὧν,
1150 3509 1199 3564 vel,
1220 3523 1282 3565 esse,
1298 3507 1430 3574 explicant,
1452 3519 1512 3557 seru
1533 3511 1665 3560 usim

494 3588 537 3621 nas
558 3575 619 3625 inter
642 3591 699 3641 opes
724 3575 802 3622 mults
825 3572 904 3622 adhuc
928 3570 1056 3620 desiderat.
1087 3588 1139 3630 esse,
1151 3572 1197 3638 ipsi
1209 3573 1240 3622 de
1250 3573 1298 3622 hec
1306 3571 1438 3622 Latinitate
1448 3572 1560 3623 viderint.
1595 3575 1665 3634 Quis

494 3637 545 3686 Alii
563 3641 643 3698 verba,
662 3642 783 3690 Corrtcmtc
795 3641 898 3687 domium
913 3637 1057 3698 splendidior
1088 3651 1198 3702 unquam
1210 3639 1248 3686 vel
1258 3641 1345 3692 noum,
1356 3638 1395 3686 vel
1410 3638 1502 3694 siloem,
1513 3637 1552 3687 rel
1568 3653 1664 3688 mean

493 3705 538 3762 rei,
551 3705 681 3779 erplicant‚
700 3699 1056 3785 “diuitiascontemnepdolo-
1082 3701 1156 3765 fidem
1183 3705 1371 3778 segnis-sorte
1394 3704 1520 3776 bmtm
1544 3702 1664 3776 dixerit!

494 3767 611 3883 {ttttl
626 3768 1057 3897 {ttrttttttetttffits
1076 3764 1665 3896 ‘iurlltrtltftlllttfflltffle

493 3897 606 3948 simorum
618 3897 799 3948 latifundionun
814 3896 939 3951 messibus,
949 3908 993 3942 nee
1030 3909 1056 3941 o·
1089 3894 1184 3944 alonte
1197 3894 1323 3943 Bandusio
1343 3894 1557 3960 (ci.snp.iii,ltl,
1571 3896 1603 3957 l)
1619 3898 1663 3949 de-

494 3962 569 4010 ratius
580 3963 724 4021 divitiarum,
735 3977 796 4029 quas
807 3959 968 4016 contemserit,
978 3957 1056 4006 domi·
1089 3958 1180 4010 siliens,
1213 3959 1320 4023 Silvaque
1323 3962 1438 4024 jugerum
1447 3959 1594 4009 Prummu:
1617 3963 1665 4013 ini.

495 4041 541 4074 nus
555 4028 632 4084 suerit,
649 4045 697 4077 rem
713 4037 847 4076 contemtum
863 4024 894 4074 de
910 4040 941 4073 ea
954 4039 1010 4087 qun
1025 4023 1056 4071 ab
1088 4023 1592 4090 quoqueiloratiusSat.ii,6,2‚&preter
1599 4031 1664 4076 stet-

495 4090 549 4140 aliis
566 4093 735 4149 contemnitur,
749 4092 807 4142 h.e.
841 4105 905 4146 arva,
923 4088 999 4145 team,
1015 4103 1057 4136 ex·
1088 4105 1145 4136 arim
1156 4088 1452 4156 assessorem-pastea
1461 4091 1523 4138 sitae
1538 4089 1585 4139 sibi
1598 4106 1664 4142 eon·

495 4156 584 4221 plicare
601 4164 710 4222 praestat:
728 4158 816 4219 splend'
835 4157 877 4212 ior,
896 4151 962 4219 qnod
975 4151 997 4200 is
1011 4153 1056 4217 qui
1088 4151 1169 4216 tigisse
1187 4152 1230 4202 eit.
1263 4153 1350 4217 Segetir
1367 4161 1432 4200 certo
1441 4155 1504 4217 fides
1519 4171 1581 4210 m,
1602 4171 1666 4221 eger

495 4221 577 4286 paucis
588 4231 714 4272 contentus
728 4229 772 4277 est,
784 4219 908 4286 sapientie
918 4215 993 4282 gloria
1003 4233 1055 4266 ma·
1088 4215 1180 4274 fertilis,
1195 4217 1247 4281 qui,
1261 4226 1326 4266 certa
1336 4216 1393 4273 lide,
1409 4218 1476 4282 quod
1493 4219 1516 4267 ei
1538 4219 1666 4270 creditum

495 4286 531 4350 gis
547 4287 658 4350 effulget:
676 4287 788 4350 quidqnid
803 4294 865 4340 arat,
877 4280 995 4358 quidquid
1006 4280 1055 4330 fru-
1088 4290 1125 4330 est
1140 4298 1198 4331 cum
1215 4282 1306 4331 soenore
1323 4281 1418 4331 reddit:
1435 4283 1466 4332 de
1483 4283 1600 4348 loquendi
1621 4303 1665 4350 ge-

495 4361 627 4402 mentorum
639 4368 667 4401 ex
678 4351 751 4401 cultis
761 4348 824 4414 agris
833 4347 933 4412 colhgit.
956 4345 1057 4410 Magnas
1089 4362 1145 4394 nere
1170 4363 1184 4396 e
1212 4361 1236 4395 re
1261 4346 1403 4412 pecnniffla
1427 4346 1460 4394 ad
1484 4347 1665 4410 agricultum

495 4420 557 4466 inter
576 4435 626 4480 opes
647 4421 724 4480 inops:
746 4413 854 4463 similiter
876 4413 962 4462 Senec.
980 4411 1055 4460 llere.
1087 4410 1203 4460 translato
1214 4410 1264 4459 vid.
1275 4427 1329 4476 sup.
1342 4410 1372 4459 ad
1388 4410 1424 4466 iii,
1439 4414 1462 4468 l,
1474 4413 1515 4461 30.
1548 4413 1664 4478 Frigora·

496 4483 553 4532 Fur.
567 4484 622 4540 166,
638 4498 735 4532 avarum
749 4477 846 4528 divitem
863 4492 986 4539 pauperem
1001 4491 1055 4523 con·
1088 4485 1133 4523 tem
1149 4478 1245 4538 imm
1253 4475 1349 4541 fertilis
1363 4475 1460 4541 altrice,
1477 4493 1543 4532 enm,
1574 4477 1603 4525 ui
1625 4477 1665 4528 di·

491 4559 556 4612 gesto
574 4552 598 4598 in
621 4565 679 4596 atrro
700 4545 776 4595 dixit:
794 4543 827 4592 cl.
845 4541 947 4591 Mitsch.
964 4548 989 4589 et
1010 4539 1054 4588 int.
1086 4539 1199 4588 vitiamur
1215 4540 1342 4604 splendore
1358 4541 1531 4605 conspicuusl
1557 4541 1563 4552 '
1593 4544 1667 4594 ndiis

496 4613 573 4678 Epist.
586 4613 602 4670 i,
613 4617 638 4670 2,
651 4613 692 4670 56,
702 4626 788 4673 scalper
798 4623 882 4656 cataras
893 4617 954 4681 eget.
1087 4603 1138 4652 suis
1154 4604 1179 4652 in
1197 4603 1270 4652 fertili
1288 4603 1373 4653 Africa
1389 4605 1421 4652 im
1453 4615 1506 4664 rat3
1523 4609 1663 4668 inperium,

527 4681 633 4728 29-44.
650 4679 739 4728 Sensus
749 4683 774 4725 et
787 4688 878 4722 nexus:
896 4668 1056 4736 liquidissima
1087 4678 1114 4716 ut
1132 4685 1205 4733 regna
1223 4669 1288 4736 apud
1301 4669 1370 4734 Virg.
1383 4670 1437 4718 Ec.
1452 4670 1471 4728 i,
1483 4673 1525 4727 70,
1538 4671 1570 4720 de
1586 4687 1665 4737 agm-

494 4743 536 4792 illa
551 4745 669 4810 voluptas,
686 4756 736 4808 qua
755 4753 799 4804 ego
814 4735 852 4786 vel
870 4751 930 4802 puro
947 4734 1005 4791 rivo,
1017 4734 1056 4783 vel
1088 4749 1141 4782 rum
1159 4733 1364 4799 possessionibus:
1382 4734 1414 4784 cs.
1431 4751 1488 4801 sup.
1500 4736 1533 4785 ad
1551 4735 1621 4793 ita,
1635 4742 1663 4789 9.
