3659 5892
906 504 1130 572 EPODON

620 658 745 723 Cruore
761 658 878 723 rubros
894 660 1056 725 obstetrix
1070 680 1196 745 pannos
1211 658 1299 737 lavit,

620 758 797 845 Utcunque
813 760 907 826 fortis
922 761 1034 827 exsilis
1048 784 1222 848 puerpera.

944 1020 1098 1067 cnrttntn.

616 1170 707 1247 Quid
723 1173 884 1238 obseratis
900 1173 1035 1239 auribus
1050 1172 1161 1239 fundis
1176 1196 1290 1259 preces
1303 1178 1315 1239 i

616 1274 696 1341 Non
712 1297 792 1340 saxa
805 1275 903 1341 nudis
919 1276 1071 1341 surdiora
1083 1278 1201 1341 navitis

551 1380 594 1441 55
615 1378 795 1463 Neptunus
811 1377 877 1443 alto
892 1378 1003 1444 tundit
1016 1379 1174 1445 hibernus
1190 1380 1269 1445 salo.

616 1479 745 1544 Inultus
759 1491 797 1546 ut
811 1490 848 1546 tu
863 1482 973 1547 riseris
988 1479 1135 1565 Cotyttia

613 1582 770 1668 Vulgata,
788 1606 915 1649 sacrum
928 1583 1025 1649 liberi
1039 1583 1237 1669 Cupidinis?

616 1684 663 1750 Et
679 1684 843 1770 Esquilini
859 1684 1014 1751 Pontifex
1029 1684 1168 1751 venefici

614 1787 752 1873 Impune
767 1799 805 1853 ut
819 1790 935 1855 urbem
948 1790 1078 1854 nomine
1091 1786 1234 1874 impleris
1250 1791 1343 1854 meoi

549 1892 593 1955 60
615 1890 708 1966 Quid
723 1891 879 1976 proderat
894 1892 1018 1956 ditasse
1031 1890 1186 1975 Pelignas
1201 1912 1295 1969 anus,

613 1993 811 2059 Velociusve
825 1992 994 2059 miscuisse
1009 1993 1176 2057 toxicum?

613 2094 681 2161 Sed
697 2095 842 2161 tardiora
856 2094 925 2160 fata
939 2106 973 2159 te
987 2094 1071 2160 votis
1086 2105 1235 2159 manent:

614 2196 749 2283 ingrata
762 2198 880 2263 misero
895 2198 963 2261 vita
977 2197 1130 2263 ducenda
1144 2207 1206 2275 est,
1221 2196 1344 2276 iubos,

614 2298 720 2367 Novis
736 2312 892 2386 utusque
909 2310 1066 2385 suppetas
1082 2299 1262 2367 doloribus.

548 2404 592 2467 65
614 2402 720 2489 Optat
735 2404 877 2487 quietem
893 2401 1027 2488 Pelopis
1041 2402 1163 2466 infidus
1178 2411 1284 2486 pater,

614 2504 728 2589 Egens
744 2506 894 2590 benignas
909 2503 1071 2569 Tantalus
1089 2526 1217 2590 semper
1232 2502 1345 2589 dapis3

441 2638 530 2693 meium
541 2638 584 2689 alii
596 2639 666 2689 matri
676 2656 717 2705 per
727 2646 801 2689 artem
812 2638 932 2704 magicam
942 2640 1000 2689 sub·
1033 2655 1076 2713 per
1086 2654 1116 2690 aa
1126 2638 1220 2689 libidini
1233 2654 1293 2698 sua,
1310 2638 1422 2687 arcessito
1437 2654 1492 2689 nem
1539 2656 1597 2691 sene

440 2703 538 2755 duxissa
559 2704 708 2761 credebatur,
727 2704 805 2769 tangit
824 2720 930 2771 quoque,
947 2721 1002 2770 sup.
1033 2704 1077 2753 1110
1093 2706 1169 2763 Varo,
1185 2703 1323 2753 musiacere
1341 2705 1457 2753 voluerat
1503 2706 1596 2769 utgntm

441 2768 520 2835 Epod.
533 2773 558 2827 5,
570 2772 595 2829 6,
608 2770 681 2819 miser
696 2769 738 2820 ille
751 2784 834 2836 puers
846 2768 951 2819 Canidia
960 2786 1002 2835 pe·
1034 2769 1090 2819 evul
1122 2778 1156 2827 ta,
1174 2768 1280 2819 carmine
1294 2768 1337 2817 ilio
1354 2768 1527 2817 contumelioso
1540 2785 1595 2835 sup.

441 2834 515 2883 titus:
535 2836 582 2884 Per
599 2837 679 2885 liberos
700 2845 731 2893 te,
750 2837 770 2883 si
789 2846 869 2885 uocate
886 2836 1002 2897 partubus
1034 2834 1056 2882 E
1106 2836 1151 2883 .5.
1184 2834 1216 2883 Et
1235 2834 1352 2898 Esquilini
1368 2833 1478 2898 Pontifea
1491 2835 1595 2899 venefici,

441 2898 535 2948 Lucina
546 2902 606 2949 ueris
615 2900 703 2967 adsuit.
1034 2906 1059 2947 et
1069 2899 1140 2963 quasi
1154 2898 1295 2965 prepositus
1309 2913 1374 2949 esses
1390 2898 1464 2945 sacris
1477 2899 1592 2973 magicis,

473 2964 580 3014 53—59.
599 2966 663 3019 Quid
681 2966 788 3013 obsoniis
805 2964 902 3011 sumbus
913 2962 1002 3027 suadis
1034 2962 1144 3029 Pontific-
1160 2962 1225 3013 enim
1243 2962 1317 3011 sacris
1335 2961 1439 3028 publicis
1457 2970 1484 3011 et
1496 2965 1595 3027 privatis

438 3032 532 3091 preces?
549 3038 607 3079 cett.
642 3030 697 3089 Quo
708 3028 784 3093 major
795 3026 914 3084 Canidia,
928 3042 1002 3092 quam
1034 3037 1143 3093 praeerat.
1189 3026 1426 3092 Veneficiumdicitur
1438 3026 1595 3091 Esquilinum,

440 3092 487 3141 sibi
498 3092 677 3168 respondentem
696 3102 767 3161 poeta
784 3091 885 3149 inducit,
895 3099 932 3141 est
942 3092 1002 3140 lero·
1034 3091 1239 3156 quiaseueficas
1253 3100 1334 3142 moute
1352 3090 1481 3156 Esquilino
1499 3108 1554 3141 ossa
1570 3103 1596 3142 et

440 3157 519 3207 ciaet
535 3158 671 3215 insolentia,
689 3165 714 3208 et
728 3172 775 3223 quo
790 3156 928 3213 atrociores,
940 3172 1002 3221 quas
1032 3156 1125 3207 cineres
1136 3166 1282 3205 mortuorum
1298 3156 1329 3206 sd
1344 3156 1402 3205 artis
1413 3155 1512 3220 magica
1524 3174 1596 3207 nsum

440 3220 486 3271 ista
501 3222 571 3288 jacit,
591 3221 663 3272 minse
681 3229 746 3279 sunt,
767 3238 796 3271 eo
816 3222 932 3276 acerbior,
952 3237 1002 3287 qua
1032 3229 1113 3286 petere
1123 3221 1242 3272 solebant.

439 3286 493 3337 c'us
508 3297 582 3337 artem
599 3288 719 3351 magicam
731 3286 845 3350 exagitat,
861 3294 899 3335 est
914 3284 1000 3336 irrisio.
1064 3287 1171 3336 60-64.
1199 3286 1263 3340 Quid
1282 3287 1391 3347 prodam
1417 3288 1510 3342 ditasse,
1536 3293 1594 3336 cett.

465 3370 494 3401 ou
504 3370 558 3401 scau
570 3354 639 3401 nudis
654 3354 762 3401 surdiora
778 3352 864 3399 navitis
876 3350 1000 3413 Neptunus
1032 3365 1117 3400 sensns
1127 3359 1153 3399 et
1163 3366 1251 3401 nexus:
1269 3347 1337 3414 quid,
1354 3366 1446 3414 quasso,
1462 3350 1483 3398 si
1495 3348 1596 3416 impune

438 3418 487 3467 ulto
500 3420 581 3467 tundit
597 3418 705 3466 tiberina
716 3416 778 3465 solo:
790 3430 857 3473 sua,
869 3431 923 3479 qua·
938 3414 999 3465 fluc-
1032 3414 1084 3464 bac
1105 3415 1182 3466 lacere
1199 3430 1291 3481 posses,
1308 3414 1436 3480 profuisset
1453 3414 1513 3462 mibi
1533 3424 1596 3465 artes

439 3488 479 3530 tus
489 3482 575 3531 marini
585 3480 699 3539 tundunt,
713 3496 760 3530 non
771 3478 877 3529 surdiora
886 3488 944 3528 sunt
955 3480 1000 3528 mi·
1032 3479 1139 3544 magicas
1156 3496 1205 3529 nou
1223 3477 1275 3528 sine
1292 3494 1381 3543 magna
1399 3478 1510 3529 memede
1529 3479 1596 3546 apud

439 3560 545 3595 serarum
557 3546 726 3611 naufragorum
735 3543 885 3611 precibus,b.
894 3559 917 3594 e.
926 3560 1001 3610 quam
1032 3559 1094 3593 anus
1115 3544 1230 3610 Pelignus
1256 3542 1378 3603 didicisse,
1399 3554 1442 3595 aut
1468 3544 1596 3610 prasentia

439 3610 513 3660 surda
522 3627 576 3663 esse
586 3612 663 3662 solent
675 3626 735 3659 saxa
744 3608 876 3673 naufragis,
885 3616 934 3657 tam
945 3626 998 3659 sur·
1030 3624 1124 3659 venena
1133 3609 1275 3658 miscuisset
1292 3609 1339 3658 Sed
1347 3624 1396 3657 uon
1405 3608 1498 3658 inultus
1508 3609 1595 3667 abibis,

438 3674 476 3725 dre
488 3690 557 3725 aures
569 3692 628 3727 mea
640 3674 688 3725 tuis
700 3674 809 3750 precibus
820 3683 885 3722 sunt.
911 3674 999 3733 illudis,
1031 3672 1080 3723 ime
1092 3673 1142 3723 iata
1151 3672 1264 3729 tardiora,
1277 3689 1350 3737 quam
1360 3682 1438 3739 optas,
1448 3683 1472 3723 te
1481 3682 1594 3735 manent;

439 3738 471 3789 ab
488 3740 553 3789 omni
573 3756 618 3809 ope
635 3739 764 3796 derelictis,
784 3739 810 3787 in
828 3738 888 3787 mari
905 3754 999 3805 nempe,
1032 3754 1089 3788 nam
1099 3738 1149 3788 vita
1160 3740 1233 3803 longa
1242 3746 1268 3789 et
1277 3737 1364 3787 misem
1378 3738 1494 3787 trahenda
1504 3738 1547 3787 tibi
1557 3748 1596 3788 est

438 3804 514 3854 fracta
529 3804 592 3863 navi,
606 3804 752 3855 natantibus.
785 3802 909 3865 Neptunus
925 3805 999 3852 liber·
1032 3804 1129 3861 eoline,
1138 3814 1166 3853 ut
1176 3819 1269 3869 semper
1280 3802 1347 3851 novis
1356 3802 1515 3870 suppeditatis
1525 3802 1594 3852 dolo-

438 3880 568 3927 naamota
579 3886 620 3936 per
633 3872 774 3937 Neptunum
785 3875 831 3917 tem
876 3877 922 3916 tas.
946 3870 1001 3918 dito
1032 3866 1107 3926 ribus,
1127 3868 1154 3918 b.
1168 3886 1192 3920 e.
1209 3866 1265 3918 novi
1282 3883 1375 3934 semper
1389 3867 1595 3918 tedoloresenci·

438 3935 495 3993 suin,
513 3935 612 3984 marinis
627 3933 750 3983 ductibus.
783 3932 828 3980 lun
840 3942 878 3980 tus
888 3943 916 3981 ut
927 3943 955 3981 tu
964 3936 999 3982 ri·
1032 3932 1110 3999 piant.

437 4002 502 4056 seris,
515 4007 572 4049 cett.
582 4015 681 4049 seusus:
699 4013 775 4065 egone
785 3996 870 4063 patiar,
882 4004 910 4045 ut
922 4005 949 4046 tu
961 3997 999 4047 in·
1065 3998 1172 4049 tte-os.
1191 3996 1263 4060 Optat
1278 4000 1385 4061 quictem,
1403 4004 1460 4047 cett.
1489 3996 1595 4047 Canidia

438 4063 506 4111 ultus
527 4063 636 4113 deriseris
662 4071 686 4113 at
712 4060 860 4126 evulgaveris
886 4061 1001 4111 veneficia
1024 4060 1085 4129 satu
1106 4065 1164 4112 vota
1180 4065 1286 4111 tardiora
1309 4062 1336 4110 in
1357 4079 1382 4110 v.
1399 4062 1441 4120 62,
1454 4062 1536 4137 magis
1551 4078 1594 4111 ex·

439 4142 501 4186 mea,
531 4128 613 4179 libera·
644 4128 735 4179 Veneri
770 4141 847 4183 sacra,
870 4132 903 4182 et,
931 4126 1001 4191 quasi
1033 4126 1123 4192 plicat:
1140 4126 1236 4192 optabis
1263 4125 1353 4183 uidem,
1364 4125 1407 4183 ait,
1422 4126 1595 4176 acrucratibus

439 4207 512 4258 penes
527 4201 558 4251 te,
573 4201 688 4260 tauquam
706 4191 859 4250 Pontificem,
877 4206 1000 4241 sacrorum
1032 4192 1111 4241 tuiset
1122 4144 1363 4252 laboribuslibernri5
1374 4191 1417 4240 sed
1428 4207 1495 4256 eque
1507 4192 1595 4239 lnrstrs

438 4256 585 4331 mancorum
608 4266 671 4308 esset
691 4258 813 4333 arbitrium
832 4264 858 4305 et
871 4254 999 4332 judicium,
1032 4256 1309 4369 opubb,ac‘lantalm,
1320 4255 1488 4331 lfrometbeus,
1495 4265 1519 4305 et
1527 4256 1593 4321 Sisy·

437 4336 638 4435 ιι
652 4320 1001 4455 ,⁶
1031 4319 1594 4451 summitas

438 4458 544 4509 turnus
577 4405 690 4503 huetius
717 4452 803 4501 dmum
834 4450 918 4500 Strabo
936 4468 960 4506 x,
973 4467 998 4517 p.
1029 4450 1148 4501 Tantalus
1164 4450 1230 4499 enim
1245 4464 1341 4509 meana,
1356 4451 1387 4499 ab
1403 4450 1465 4501 Jove
1475 4449 1522 4499 sibi
1531 4449 1595 4499 inter

438 4516 500 4580 324)
519 4516 544 4565 in
565 4516 678 4567 bonorem
693 4470 813 4582 dctyttus,
850 4530 898 4565 .e.
915 4514 997 4566 libere
1030 4515 1114 4565 aulas
1143 4514 1280 4573 commbsa,
1312 4514 1401 4581 perfide
1431 4514 1594 4588 evulgavemt.

439 4580 542 4631 Veneris
555 4590 579 4632 et
590 4582 706 4633 Licentia
723 4580 842 4640 instituta,
853 4580 919 4630 unde
929 4579 998 4630 addi·
1052 4596 1109 4645 gens
1124 4582 1227 4645 bmignu
1240 4596 1326 4642 sesam
1341 4582 1423 4642 dapis.-
1441 4579 1522 4643 largas
1555 4596 1593 4627 ut·

437 4655 476 4695 tur
492 4662 583 4696 sunum
601 4650 669 4697 liberi
690 4648 838 4709 Cupidinis),
859 4660 923 4693 nune
946 4645 1000 4695 ideo
1031 4644 1086 4694 dem
1096 4644 1142 4694 sibi
1151 4644 1271 4711 appositas
1280 4644 1356 4710 dapes
1363 4595 1593 4702 videbathntnlus,

438 4708 533 4775 magica
544 4726 588 4762 sua
603 4727 670 4762 sacra
687 4710 793 4779 appellat
810 4708 923 4766 Canidia,
936 4710 1000 4774 quod
1032 4709 1083 4765 sed,
1105 4725 1161 4759 cum
1183 4723 1226 4759 ess
1246 4708 1283 4757 illi
1302 4725 1350 4758 non
1370 4710 1486 4773 attingere
1502 4709 1594 4765 liceret,
