3659 5892
480 534 543 598 518
867 532 1266 599 EPISTOLARUM

569 685 626 750 Ad
640 685 741 751 libros
756 696 790 751 et
804 687 848 750 ad
861 686 933 751 lraec
950 686 1122 750 Musarum
1137 684 1223 750 dona
1237 706 1382 761 vocares,

568 788 723 853 Boeotrim
737 790 771 853 in
785 812 896 853 crasso
907 790 1037 874 jurares
1053 810 1127 852 aere
1142 799 1266 852 natum.

483 892 549 957 245
571 888 619 954 At
633 913 739 974 neque
754 890 954 955 dedecorant
969 902 1027 955 tua
1041 890 1083 955 de
1100 911 1134 954 se
1144 890 1281 975 judicia,
1298 900 1397 973 atque

570 992 723 1070 Munera,
739 1016 813 1078 quae
826 992 929 1058 multa
943 993 1051 1057 dantis
1067 1014 1141 1056 cum
1155 991 1252 1056 laude
1269 991 1425 1067 tulerunt,

571 1093 696 1159 Dilecti
710 1096 771 1159 tibi
784 1094 944 1179 Virgilius
960 1094 1147 1178 Variusque
1161 1103 1287 1177 poetae3

570 1196 644 1262 Nec
660 1199 762 1282 magis
776 1197 924 1281 expressi
939 1195 1047 1261 vultus
1062 1218 1122 1279 per
1136 1194 1260 1259 ahenea
1276 1194 1380 1278 signa,

572 1299 680 1371 Quam
695 1322 754 1383 per
769 1300 851 1362 vatis
867 1320 950 1382 opus
965 1317 1071 1361 mores
1087 1296 1248 1380 animique
1263 1296 1406 1360 virorum

486 1402 552 1466 250
574 1400 745 1465 Clarorum
758 1411 929 1485 apparent.
976 1398 1050 1462 Nec
1066 1420 1229 1463 sermones
1245 1420 1308 1483 ego
1322 1396 1450 1461 mallem

574 1502 745 1586 Repentes
757 1522 818 1587 per
832 1501 977 1579 humum,
993 1522 1089 1584 quarn
1105 1522 1157 1565 res
1173 1509 1367 1585 componere
1384 1508 1513 1583 gestas,

576 1603 819 1689 Terrarumque
836 1605 916 1668 situs
932 1614 966 1668 et
981 1602 1114 1666 flumina
1128 1602 1249 1680 dicere,
1265 1612 1299 1667 et
1313 1623 1406 1665 arces

574 1705 746 1770 Montibus
760 1707 938 1791 impositas,
954 1716 987 1769 ct
1001 1705 1140 1770 barbara
1156 1726 1268 1789 regna,
1284 1705 1415 1788 tuisque

485 1846 492 1857 ·
574 1805 742 1890 Auspiciis
757 1817 860 1871 totum
875 1805 1024 1872 confecta
1039 1806 1148 1871 duella
1161 1829 1221 1890 per
1234 1808 1358 1883 orbem,

489 1910 554 1974 255
575 1908 792 1993 Claustraque
807 1909 977 1974 custodem
991 1908 1080 1992 pacis
1096 1907 1283 1971 cohibentia
1297 1906 1430 1982 danum,

576 2012 623 2075 Et
637 2010 840 2075 formidatam
856 2009 988 2073 Parthis
1005 2020 1037 2073 te
1052 2010 1199 2093 principe
1214 2009 1365 2086 Romam,

575 2113 623 2190 Si,
639 2123 796 2196 quantum
810 2132 973 2195 cuperem,
989 2132 1119 2194 possem
1134 2133 1282 2195 quoque;
1307 2111 1366 2175 sed
1383 2133 1492 2194 neque
1508 2128 1644 2194 parrum

576 2216 715 2279 Carmen
730 2215 882 2299 majestas
897 2214 1013 2297 recipit
1029 2224 1096 2289 tua,
1113 2235 1172 2278 nec
1188 2236 1279 2277 meus
1294 2214 1395 2278 audet

573 2317 660 2381 Rern
672 2328 798 2381 tentare
813 2315 932 2399 pudor,
948 2336 1044 2399 quam
1059 2315 1143 2378 vires
1159 2312 1243 2379 ferre
1259 2326 1421 2379 recusent.

487 2420 552 2483 260
574 2418 740 2483 Sedulitas
755 2426 863 2480 autern
879 2416 988 2493 stulte,
1005 2438 1101 2500 quem
1116 2415 1233 2500 diligit,
1250 2428 1356 2501 urget,

489 2608 581 2664 19,13,
596 2606 706 2655 simulare
723 2605 829 2652 Catonem
837 2622 845 2662 ‚·
864 2612 889 2653 et
905 2604 950 2654 inl.
968 2602 1046 2670 Epist.
1078 2601 1134 2651 illos
1150 2618 1228 2661 ornas,
1246 2606 1345 2654 multam
1362 2604 1434 2653 simul
1448 2603 1552 2651 laudem
1570 2598 1645 2654 addis.

489 2670 519 2719 ad
531 2672 582 2719 Pis.
595 2688 618 2718 v.
629 2670 670 2724 20,
683 2671 791 2715 simulare
802 2684 940 2731 cupressum.
1078 2675 1103 2715 et
1114 2666 1148 2715 sic
1157 2672 1235 2718 dantis
1245 2670 1366 2735 eleganter
1373 2684 1424 2735 pro,
1432 2680 1475 2717 tam
1485 2676 1523 2716 est
1532 2665 1645 2730 positura.

521 2736 660 2783 aar-244.
690 2734 756 2787 Quod
782 2735 811 2787 si,
840 2741 899 2781 cett.
941 2734 1046 2781 Sensus:
1081 2731 1213 2782 Toleranr:
1231 2736 1288 2783 Vet.
1304 2734 1643 2797 Schor.Cruq.,aeceperaat.

489 2798 554 2863 quod
566 2798 585 2846 si
594 2796 713 2862 judicium
726 2795 785 2844 illud
797 2796 938 2853 Alexandri,
951 2804 1048 2845 acutum
1079 2798 1134 2857 quia
1144 2801 1197 2859 jam
1215 2800 1249 2846 lis
1264 2802 1364 2863 singulis
1379 2800 1507 2846 donaverat
1523 2798 1644 2858 Augustus

488 2879 546 2912 sane
558 2871 582 2911 et
594 2862 690 2917 subtile,
702 2861 767 2973 quod
779 2860 862 2907 attinet
874 2860 904 2908 ad
918 2860 1047 2925 inspicien-
1079 2862 1152 2908 decies
1169 2864 1306 2911 sirmiam.
1340 2862 1379 2912 De
1400 2861 1471 2909 Vario
1488 2861 1522 2909 ci.
1541 2874 1598 2923 sup.
1615 2854 1644 2903 ad

488 2927 519 2975 da
537 2935 561 2975 et
577 2926 701 2991 dijudicari
719 2924 863 2973 aartificum
878 2939 959 2999 opera,
970 2933 1047 2972 trans·
1081 2922 1193 2981 Odi,6‚
1209 2927 1231 2973 1.
1620 2982 1627 2992 ,

487 2991 559 3041 serres
570 2990 600 3039 ad
609 2990 710 3037 virorum
722 2988 844 3037 doctorum
855 2998 943 3054 scnpta
957 2998 982 3038 et
1008 3004 1047 3037 oe·
1112 2990 1251 3038 ara-250.
1269 2989 1318 3037 Nec
1337 2992 1411 3053 magis
1428 2991 1606 3053 aspa-essina.
1620 2999 1643 3030 ra

488 3062 564 3103 tarum
580 3054 696 3108 carrniua,
705 3054 797 3118 jurares
810 3052 931 3117 judicium
945 3006 1006 3101 illud
1023 3054 1047 3102 ia
1080 3052 1180 3102 eandem
1202 3054 1344 3103 sententiam
1365 3053 1434 3102 canit
1452 3052 1571 3102 Horatius
1591 3064 1644 3111 sup.

487 3134 568 3168 crasso
596 3134 649 3167 aera
672 3118 820 3165 Boeotiorum
843 3117 959 3180 prolatum
985 3132 1047 3175 esso,
1080 3115 1394 3175 0d.iv,a‚13-20.N0n
1410 3121 1483 3166 incisa
1500 3120 1565 3165 notis
1581 3130 1642 3161 saar·

486 3183 512 3231 h.
524 3200 545 3233 e.
557 3184 657 3238 diceros,
667 3182 788 3246 judicium
804 3180 865 3228 illud
881 3196 933 3230 essa
948 3182 1047 3230 durissi-
1079 3198 1142 3229 mora
1152 3184 1251 3245 publicis
1262 3182 1326 3247 (Per
1335 3200 1384 3245 que
1398 3185 1495 3243 spiritus
1508 3191 1532 3228 et
1544 3184 1595 3228 aits
1608 3192 1642 3223 rs·

486 3264 563 3296 mum.
597 3249 661 3295 Nam
673 3245 744 3310 quale
754 3244 783 3293 de
794 3244 869 3311 poetis
877 3244 995 3309 judicium
1006 3262 1046 3295 ex-
1080 3247 1116 3293 dir
1127 3248 1190 3295 bouis
1203 3248 1256 3295 Post
1267 3256 1358 3294 aunem
1369 3247 1491 3306 dacibus),
1503 3246 1596 3293 clarius
1607 3245 1642 3288 iss·

488 3310 589 3377 spectari
605 3319 681 3376 potest
698 3312 729 3358 ab
743 3309 825 3374 coqui
840 3308 932 3374 ineptos
945 3310 1048 3359 Clroen'li
1079 3310 1158 3358 dicam
1170 3313 1250 3359 laudes
1259 3328 1326 3375 quam
1337 3311 1441 3359 Caubroe
1454 3311 1571 3358 Pierides.

489 3385 626 3425 versustam
638 3389 693 3423 caro
703 3374 777 3441 pretio
787 3372 857 3422 emit!
893 3376 1047 3439 Quamquam
1111 3375 1169 3423 250.
1186 3378 1314 3437 Appursat,
1329 3374 1354 3421 in
1371 3376 1450 3423 lucem
1468 3373 1641 3439 producuntur.

486 3441 555 3496 mihi,
565 3440 649 3504 utjam
659 3438 751 3493 monui,
759 3437 803 3485 illa
815 3437 948 3485 Alexandri
959 3439 1046 3487 libera-
1078 3438 1292 3502 exsplendescunt:
1310 3441 1343 3489 ci.
1355 3455 1409 3505 sup.
1420 3456 1445 3486 v.
1456 3440 1514 3487 224.

485 3504 541 3553 litas
559 3504 624 3552 haud
647 3504 677 3551 ab
695 3502 749 3553 e'us
766 3502 796 3550 de
814 3502 916 3551 Choerili
935 3518 1046 3551 versuum
1111 3504 1169 3551 aot.
1193 3504 1391 3566 Serranam-per
1412 3506 1506 3551 insama
1526 3510 1640 3564 repentes,

484 3568 591 3617 bonitate
609 3520 737 3641 repetenda
753 3566 846 3615 videtur
862 3565 965 3631 judicio.
999 3568 1045 3616 Sed
1078 3563 1190 3625 humiles,
1208 3576 1308 3627 tenues,
1326 3565 1439 3632 intelligit
1454 3568 1547 3616 Satires
1562 3574 1588 3614 et
1606 3564 1640 3611 E·

484 3633 545 3681 scite
563 3634 677 3681 lioratrus
694 3631 739 3679 hoc
752 3629 883 3679 Alexandri
900 3631 1044 3695 exemplum,
1077 3629 1185 3694 pistolas.
1220 3632 1264 3679 ltes
1283 3648 1413 3693 compsam
1432 3643 1517 3696 gestas,
1533 3631 1641 3679 canarius

483 3704 511 3744 ut
527 3713 555 3745 eo
571 3696 647 3760 magis
664 3694 772 3759 Augusti
786 3694 816 3742 de
832 3693 909 3759 poetis
925 3696 1047 3745 extolleret
1078 3693 1145 3759 spico
1156 3710 1192 3745 res
1204 3704 1283 3758 gestas
1295 3695 1422 3745 celebrare.

481 3759 611 3825 judicium,
624 3762 709 3808 iurem
722 3774 789 3807 suam
801 3758 906 3807 detorsit.
1109 3761 1167 3815 252,
1180 3760 1238 3809 25³.
1255 3762 1325 3809 Arcas
1337 3760 1455 3809 Montibus
1470 3762 1597 3821 impositas,
1609 3759 1639 3807 ab

517 3828 574 3873 244.
603 3826 707 3873 aaaron»
734 3826 760 3870 in
788 3839 862 3870 crasso
889 3840 941 3871 aare
951 3841 960 3883 ,·
988 3823 1044 3873 irinc
1080 3822 1190 3886 Augusto
1203 3823 1296 3873 scilicet
1306 3824 1337 3872 ad
1349 3824 1407 3874 fines
1418 3824 1511 3890 imperii
1526 3824 1638 3872 munien-

484 3887 558 3938 Coru.
572 3888 730 3954 Nep.nlcib.
744 3888 868 3942 ll,omues
885 3890 945 3934 enim
964 3888 1045 3938 Baotii
1077 3885 1129 3934 dos.
1163 3888 1268 3936 Barbara
1279 3905 1360 3963 regas,
1372 3888 1483 3937 victorias
1497 3888 1528 3937 de
1540 3888 1639 3953 regibus

483 3955 675 4017 magisfirmitati
687 3957 795 4015 corporis,
808 3968 875 4013 qaam
888 3954 977 4015 ingenii
988 3970 1043 4001 acu·
1076 3958 1101 3999 et
1112 3952 1205 4017 populis
1216 3953 1332 4001 barbans.

483 4020 690 4065 miniinserviant.
1107 4018 1165 4064 255.
1190 4018 1342 4080 Claustraque
1362 4020 1484 4074 custodem,
1507 4024 1564 4066 cert.
1598 4016 1637 4064 De

515 4083 654 4130 als-247.
679 4083 710 4128 At
734 4094 805 4141 nequa
823 4082 968 4137 dedecorant,
987 4090 1043 4129 cett.
1074 4078 1636 4147 Janttempto,pacistemporecausaestrocus

483 4146 518 4194 At
532 4154 569 4202 tu,
583 4146 702 4209 Auguste,
714 4144 786 4209 probe
798 4151 872 4200 tenes,
885 4144 943 4206 quid
954 4143 1043 4193 distent
1075 4144 1189 4193 classicus
1207 4144 1271 4211 apud
1290 4145 1345 4193 Liv.
1356 4145 1373 4193 i.
1388 4147 1426 4195 19.
1460 4146 1499 4195 De
1516 4149 1557 4193 deo
1574 4146 1637 4193 Jaao

482 4226 529 4258 aera
541 4210 647 4274 lupinis;
664 4216 690 4257 tu
703 4208 767 4258 euim
785 4224 833 4255 non
850 4209 934 4262 malos,
946 4208 988 4257 sed
999 4209 1041 4257 de·
1074 4206 1144 4257 docte
1160 4208 1267 4275 disputat
1285 4211 1364 4273 Heyn.
1383 4210 1413 4257 ad
1428 4210 1497 4273 Virg.
1518 4212 1578 4266 AEn,
1594 4208 1635 4266 sii,

481 4273 555 4323 lectos
567 4274 610 4322 tibi
622 4282 704 4341 poetas
712 4271 823 4337 optimos,
836 4272 975 4336 Virgilium,
989 4276 1040 4323 Va·
1074 4272 1176 4323 Excurs.
1186 4290 1210 4321 v.
1242 4274 1357 4323 Horatius
1375 4290 1428 4339 sup.
1445 4276 1493 4323 Od.
1511 4274 1543 4331 ir,
1558 4276 1597 4331 l5,
1609 4275 1633 4329 9,

481 4338 599 4403 riumque,
612 4340 688 4403 gratia
704 4346 727 4386 et
744 4336 884 4384 muneribus
898 4336 945 4384 tuis
955 4337 1041 4401 dignos
1072 4335 1101 4384 de
1111 4338 1231 4401 Augusta,
1239 4348 1261 4386 et
1271 4356 1370 4387 vacuam
1381 4341 1464 4387 diuitis
1476 4340 1563 4387 lanum
1574 4340 1634 4393 Qui·

477 4402 582 4467 judicas,
596 4420 639 4453 nec
653 4404 677 4451 iri
688 4412 729 4450 tuo
741 4400 771 4449 de
785 4417 810 4449 se
822 4400 914 4465 judicio
931 4412 988 4450 suut
998 4402 1039 4450 de·
1072 4404 1149 4448 riuum
1161 4405 1254 4449 clausit.

479 4466 567 4516 decori.
1104 4466 1162 4514 256.
1180 4466 1212 4515 Et
1215 4466 1370 4532 jirrsrridatam
1383 4467 1479 4515 Parthis
1491 4478 1513 4515 te
1527 4470 1633 4531 principe

511 4534 568 4581 246.
598 4530 677 4579 Malas
699 4532 777 4579 dantis
798 4546 849 4577 cam
872 4530 959 4577 laude:
988 4529 1039 4579 lrac
1072 4527 1168 4577 Romam
1180 4548 1188 4588 ‚·
1217 4529 1326 4579 similiter
1351 4530 1377 4579 in
1405 4530 1501 4580 laudern
1528 4531 1632 4595 Augusti

478 4598 551 4646 rerba
559 4596 650 4662 duplici
659 4592 851 4659 modoexplicari
862 4602 975 4659 possunt;
988 4602 1038 4651 aut,
1072 4592 1152 4641 Carm.
1170 4596 1231 4643 Sec.
1243 4613 1266 4643 v.
1278 4598 1319 4654 5⁴,
1336 4596 1429 4653 Medus,
1447 4594 1472 4644 h.
1485 4612 1507 4645 e.
1519 4596 1631 4652 Parthus,

478 4660 535 4709 dum
549 4661 586 4709 illi
601 4669 633 4715 te,
646 4660 688 4724 qui
703 4674 801 4707 munera
813 4656 865 4714 das,
877 4658 953 4707 multa
967 4658 1039 4708 laude
1071 4672 1152 4707 marrus
1169 4670 1270 4721 potentes
1290 4672 1310 4708 er
1328 4659 1430 4709 Albanas
1449 4677 1536 4709 sacris-es
1552 4663 1631 4708 timere

478 4725 614 4785 celebraut;
633 4732 682 4779 aut.
695 4724 753 4773 dum
766 4732 791 4771 tu
803 4721 941 4771 muneribus
953 4722 1038 4787 quibus
1069 4720 1164 4777 dicitur.
