3659 5892
449 501 515 563 294
865 492 1188 560 SATIRARUM

580 650 650 729 Ille,
667 652 753 716 datis
768 651 906 717 vadibus
922 649 979 733 qui
993 670 1069 712 rure
1084 656 1251 712 extractus
1266 645 1300 709 in
1314 646 1429 711 urbem
1444 655 1508 723 est,

580 753 676 819 Solos
692 754 803 820 felices
818 755 964 818 viventes
979 750 1096 817 clamat
1110 752 1145 815 in
1159 751 1253 815 urbe.

580 855 701 921 Cetera
715 857 757 922 de
773 877 892 942 genere
907 854 983 931 hoc,
999 853 1083 918 adeo
1099 863 1175 917 sunt
1188 850 1301 929 multa,
1315 848 1486 934 loquacem

580 955 757 1025 Delassare
772 957 881 1023 valent
896 956 1045 1021 Fabium.
1092 954 1147 1020 Ne
1162 964 1195 1018 te
1210 974 1327 1030 morer,
1343 953 1432 1031 audi,

519 1060 560 1123 15
583 1058 661 1132 Quo
676 1082 745 1125 rem
760 1061 931 1126 deducam.
977 1057 1102 1141 Siquis
1118 1056 1224 1133 Deus,
1241 1055 1296 1119 En
1310 1078 1384 1141 ego,
1400 1054 1501 1132 dicat,

581 1160 604 1224 J
606 1183 657 1225 am
672 1160 787 1227 faciam
802 1160 892 1246 quod
907 1158 1023 1224 vultis:
1046 1160 1111 1223 eris
1127 1169 1174 1235 tu,
1190 1158 1248 1242 qui
1261 1157 1360 1221 modo
1372 1156 1476 1234 miles,

582 1261 768 1329 Mercator:
793 1275 829 1328 tu
844 1261 1013 1329 consultus
1028 1260 1126 1326 modo
1140 1261 1300 1325 rusticus:
1324 1258 1401 1324 hinc
1416 1280 1486 1336 vos,

582 1363 653 1431 Vos
669 1365 745 1431 hinc
760 1364 893 1431 mutatis
909 1363 1068 1428 discedite
1083 1363 1251 1447 partibus:
1274 1362 1337 1438 eia,

581 1466 673 1540 Quid
690 1468 805 1533 statis?
836 1466 964 1532 Nolint.
1010 1463 1116 1549 Atqui
1130 1465 1208 1530 licet
1221 1486 1294 1529 esse
1309 1464 1426 1529 beatis.

517 1567 561 1632 20
584 1569 676 1643 Quid
692 1592 800 1635 causoe
815 1580 877 1647 est,
893 1568 1009 1633 merito
1025 1568 1106 1652 quin
1119 1566 1183 1630 illis
1197 1566 1330 1651 Jupiter
1344 1568 1458 1631 ambas

583 1668 692 1736 Iratus
706 1673 828 1738 buccas
844 1670 947 1747 inflet,
963 1691 1070 1752 neque
1085 1690 1120 1734 se
1135 1667 1206 1734 iore
1220 1667 1359 1753 posthac

584 1770 670 1837 Tam
685 1773 812 1839 facilem
827 1774 926 1849 dicat,
942 1772 1027 1835 votis
1041 1782 1079 1835 ut
1092 1772 1242 1855 praebeat
1255 1772 1389 1834 auremi

586 1873 762 1953 Praeterea,
776 1898 817 1941 ne
833 1875 892 1951 sic,
907 1874 1016 1957 utqui
1027 1873 1198 1959 jocularia,
1212 1873 1323 1937 ridens

586 1975 791 2055 Percurram,
808 1998 1003 2061 quamquam
1017 1976 1177 2039 ridentem
1191 1975 1302 2040 dicere
1315 1996 1428 2040 rerum

520 2078 562 2141 ct
585 2077 677 2151 Quid
692 2081 801 2143 vetat?
824 2089 861 2143 ut
875 2079 986 2164 pueris
1002 2077 1078 2142 olim
1093 2078 1173 2141 dant
1187 2077 1333 2142 crustula
1346 2076 1460 2143 blandi

586 2181 762 2259 Doctores,
778 2181 938 2246 elementa
952 2180 1052 2245 velint
1067 2192 1105 2244 ut
1120 2180 1246 2245 discere
1260 2180 1365 2264 prima
1377 2206 1385 2257 3

587 2282 654 2347 Sed
671 2292 779 2347 tamen
791 2294 900 2349 amoto
914 2304 1099 2367 quaeramus
1114 2284 1200 2347 seria
1213 2281 1303 2349 ludo.

587 2383 657 2464 Ille,
673 2407 804 2470 gravem
819 2386 903 2451 duro
916 2397 1037 2450 terram
1051 2385 1108 2470 qui
1123 2386 1220 2450 vertit
1233 2395 1353 2463 aratro,

494 2552 532 2600 ll.
551 2550 595 2600 lite
607 2552 753 2617 (consultor,
764 2551 854 2617 cliens)
870 2556 1019 2603 audituris·
1052 2552 1156 2620 cnpitis3
1178 2561 1289 2620 expectat
1306 2553 1428 2620 paulisper
1446 2553 1515 2610 deus,
1532 2554 1574 2605 sed
1592 2554 1610 2603 ii

459 2618 547 2679 eisqui,
560 2625 617 2665 cett.
634 2632 706 2682 quem
720 2632 800 2667 causa
814 2617 924 2667 dicende
935 2632 1020 2668 necea·
1052 2618 1165 2669 accedere
1186 2627 1212 2668 et
1238 2617 1326 2668 mutari
1346 2621 1444 2668 edent.-
1470 2628 1552 2668 notum
1572 2628 1611 2669 eet

460 2679 518 2729 ritas
541 2680 621 2745 adegit
639 2680 756 2747 proficisci
780 2682 805 2731 in
828 2684 921 2740 urbem,
942 2690 969 2731 ut
986 2683 1021 2731 ibi
1051 2682 1114 2733 illud
1133 2682 1265 2741 Ciceronis,
1292 2693 1361 2748 tacet,
1381 2687 1501 2733 muttit.
1545 2685 1610 2733 Licet

460 2753 585 2809 patronum
594 2746 719 2806 consulat,
732 2749 793 2795 dotis
805 2750 900 2796 aeditus
911 2764 955 2813 pro
965 2747 1020 2797 vnl—
1052 2764 1097 2796 esee
1113 2751 1193 2806 murt,
1203 2748 1292 2797 Gracc
1307 2762 1360 2813 pro,
1376 2748 1433 2797 licet
1448 2748 1480 2796 iis
1489 2763 1543 2799 esee
1552 2750 1610 2799 bee-

459 2808 1020 2989 ticinlitttttltcttsstitttt
1052 2820 1104 2925 tt
1119 2812 1219 2925 disis·
1235 2812 1348 2925 lidi.
1357 2814 1525 2940 1111·ῗᾶ
1521 2816 1611 2941 ,itti

739 2910 746 2931 Ι
1097 2910 1104 2925 ⁸
1129 2912 1136 2933 Ι
1168 2912 1175 2933 1
1222 2913 1228 2933 Ι
1601 2916 1609 2939 1

460 2938 633 2995 vadimonium,
649 2939 674 2988 h.
690 2956 712 2990 e.
728 2942 795 2988 under
813 2940 878 3005 (obsi
894 2956 930 2997 ee,
948 2957 1020 3007 epon-
1053 2943 1104 2990 Sat.
1116 2940 1133 2997 i,
1149 2943 1174 2997 6,
1185 2943 1227 2999 25,
1236 2942 1340 3005 fierique
1354 2944 1466 2997 tritum
1483 2942 1563 3008 Epist.
1580 2942 1611 2991 ad

461 3002 539 3063 sores)
550 3006 615 3061 dore,
629 3004 670 3068 qui
685 3004 835 3069 praeentiam
850 3005 876 3053 in
890 3005 933 3070 jus
942 3006 1021 3055 vocati
1053 3005 1106 3054 Pis.
1115 3005 1150 3062 iii,
1163 3007 1220 3060 ³72,
1230 3007 1380 3054 mediocritas
1390 3022 1435 3054 ease
1444 3010 1523 3068 poetis.

461 3067 598 3116 eualidaet
613 3082 656 3116 suo
669 3068 774 3134 periculo
785 3078 938 3137 prestarent:
955 3074 1023 3120 codes
1086 3072 1128 3125 20,
1144 3072 1186 3118 al.
1204 3072 1267 3125 Quid
1285 3086 1358 3119 eom
1374 3080 1416 3126 eet,
1433 3073 1500 3132 quin,
1515 3071 1610 3135 quidni,

462 3146 510 3179 non
527 3131 551 3179 in
569 3131 654 3197 capitis
672 3141 765 3181 tanturn
782 3135 872 3191 causis,
888 3134 939 3191 sed,
954 3152 1023 3200 eque
1055 3149 1134 3183 nonne
1149 3134 1222 3199 igitur
1231 3134 1317 3184 merito
1328 3134 1425 3199 Jupiter
1440 3136 1497 3189 iltis.
1510 3136 1535 3184 t.
1547 3150 1570 3185 a.
1581 3138 1612 3186 ob

462 3210 490 3244 ac
506 3198 600 3258 prades,
619 3198 644 3244 in
661 3197 742 3245 causis
757 3214 853 3263 quoque
868 3198 976 3265 privatis,
987 3200 1024 3249 uti
1054 3198 1158 3254 illorum,
1169 3198 1240 3247 modo
1253 3197 1346 3263 aliquid
1357 3198 1529 3265 appetentium,
1540 3200 1613 3251 modo

462 3260 585 3309 hocloco:
604 3260 653 3310 vid.
666 3263 761 3311 Ernest.
777 3264 802 3311 in
815 3264 887 3313 Clav.
899 3264 955 3315 Cic.
966 3280 987 3313 e.
999 3280 1022 3313 r.
1053 3262 1116 3311 idem
1134 3264 1304 3319 recusantium,
1322 3261 1517 3321 inconstantiam,
1535 3268 1614 3315 enter

465 3326 517 3373 Vos.
1054 3328 1311 3393 iratastuccorinjlet.
1339 3327 1390 3386 Qui
1399 3327 1434 3375 ira
1444 3328 1612 3389 exardescunt,

495 3389 535 3438 1³.
558 3389 639 3437 Cetera
660 3393 689 3438 de
705 3407 790 3465 periere
811 3393 859 3449 loc,
879 3390 1024 3459 principium
1054 3393 1144 3441 buccas
1163 3392 1247 3442 inflare
1265 3392 1358 3452 solent;
1382 3392 1521 3457 exprimitur
1540 3394 1614 3461 igitur

462 3468 544 3503 versus
556 3454 694 3503 Lucretiani
705 3472 737 3511 rr,
751 3458 809 3505 594.
1054 3457 1099 3505 laec
1110 3456 1231 3506 locutione
1241 3457 1322 3521 imago
1331 3456 1464 3506 uaoeentis.

503 3519 542 3567 14.
566 3518 678 3567 Fabium:
699 3520 838 3586 quicunque
861 3519 959 3569 demum
980 3519 1023 3570 ille
1092 3523 1133 3570 23.
1163 3521 1287 3577 Praeterea,
1310 3538 1339 3570 ne
1360 3530 1418 3570 cett.
1439 3530 1554 3579 ceterum,
1581 3538 1613 3573 ne

463 3581 542 3640 luerit,
565 3582 616 3632 sire
638 3583 804 3651 philosophus,
827 3583 877 3633 sive
899 3584 1021 3660 juriscon-
1054 3602 1118 3635 more
1134 3600 1225 3642 mmm,
1243 3584 1287 3651 qui
1303 3600 1341 3635 res
1357 3584 1465 3635 ludicras
1478 3594 1504 3635 et
1516 3587 1614 3652 jocosas

462 3645 550 3705 cultus,
568 3656 640 3721 poeta
654 3648 706 3723 jam
724 3664 781 3698 eum
798 3658 826 3698 nt
845 3650 966 3723 hominem
986 3649 1021 3698 lo·
1054 3650 1152 3724 ridendo
1163 3659 1315 3725 percurrunt,
1325 3664 1371 3714 ego
1381 3651 1551 3717 quoquehanc
1562 3668 1613 3702 rena

462 3726 567 3825 §itti
582 3712 1024 3849 ttt‘’.t‘t.it“²tt}tti⁰tt
1055 3715 1231 3837 “atili
1240 3730 1505 3845 tim...
1523 3781 1613 3847 ...n

461 3856 520 3887 cnm.
554 3841 715 3900 Netemorer,
726 3850 783 3893 cett.
794 3850 859 3892 nete
873 3842 965 3892 diutius
978 3843 1020 3892 de·
1053 3842 1084 3892 de
1103 3843 1247 3908 rebusque
1267 3843 1337 3893 iactae
1356 3852 1422 3902 aunt,
1441 3852 1466 3894 et
1487 3861 1557 3911 porro
1578 3846 1613 3896 ita

461 3902 560 3961 tineam,
583 3905 649 3963 audi,
673 3922 721 3971 quo
746 3906 852 3963 tendam,
881 3924 967 3973 nempe
991 3907 1021 3957 ad
1053 3907 1103 3957 tien'
1129 3910 1224 3971 solent;
1251 3923 1440 3983 nonnunquam:
1468 3925 1522 3968 nos,
1546 3921 1613 3969 etue,

461 3965 643 4018 describendum
662 3970 796 4028 hominum,
814 3988 937 4037 nunquam
958 3981 1020 4023 rone
1052 3974 1195 4024 maetenni:
1214 3972 1259 4021 inl.
1272 3972 1351 4039 Epist
1367 3988 1385 4031 1,
1404 3974 1443 4030 10,
1459 3974 1501 4032 ta,
1519 3985 1548 4023 ut
1563 3977 1613 4024 cat·

462 4046 506 4080 sua
516 4040 690 4090 contentomm,
702 4034 834 4101 ingenium.
1052 4054 1104 4087 eene
1122 4040 1176 4086 oiim
1185 4056 1194 4097 ,·
1212 4036 1282 4101 virg.
1294 4040 1355 4086 AEn.
1371 4037 1423 4094 viii,
1440 4040 1487 4087 391
1505 4054 1543 4104 sq.
1559 4040 1614 4088 Non

498 4098 537 4147 16.
552 4098 607 4145 Jom
617 4100 720 4165 seciam,
737 4116 772 4151 sc.
789 4117 820 4151 ex
831 4100 899 4151 robis
915 4100 942 4149 id
962 4104 1021 4165 quod
1053 4120 1115 4151 uerte
1123 4112 1191 4167 utque
1198 4104 1261 4159 olim,
1268 4105 1359 4151 tonitru
1366 4120 1437 4165 quum
1444 4114 1615 4165 ruptooorureo

463 4176 514 4210 esee
525 4164 606 4211 mritis.
1053 4166 1126 4231 ignea
1137 4168 1197 4217 rime
1204 4170 1292 4215 munna
1297 4170 1416 4229 percurrit
1426 4170 1513 4216 lumine
1520 4170 1613 4218 nimiu.

498 4227 538 4276 18.
558 4226 661 4275 Metaris
675 4232 791 4290 partitus,
811 4244 846 4279 sc.
864 4244 926 4293 ques
943 4230 1022 4279 adhuc
1085 4232 1128 4279 27.
1144 4232 1188 4279 Sed
1204 4241 1294 4279 tamen.-
1311 4230 1349 4279 lia
1367 4232 1500 4297 particule,
1512 4240 1539 4280 nt
1554 4232 1613 4281 sim-

462 4290 487 4339 in
506 4290 555 4339 vita
574 4292 666 4355 egistis,
682 4308 724 4358 pro
741 4294 843 4359 vulgari,
859 4302 952 4344 mutata
966 4295 1023 4344 vite
1054 4296 1157 4361 pliciter,
1179 4299 1218 4344 sed
1238 4298 1325 4360 igino,
1345 4296 1468 4359 eleganter
1486 4306 1541 4362 post
1560 4296 1614 4346 lon-

463 4354 608 4406 conditione.
1052 4360 1141 4423 giorern
1151 4360 1305 4426 parenthesin
1317 4359 1471 4426 interruptam
1482 4361 1614 4411 emtionem

496 4421 536 4469 19.
560 4420 652 4479 Nolint,
699 4422 780 4473 uidem
797 4422 940 4489 pretulerinr
960 4424 1021 4473 alte-
1052 4425 1192 4491 ercipiunt3
1224 4425 1334 4490 exempla
1361 4424 1521 4475 Ciceroniana
1547 4425 1615 4476 dedit

462 4500 512 4533 ram
528 4436 785 4543 lectionem,ll'cicnt.
816 4488 899 4538 Oratio
918 4488 1021 4538 coheret
1054 4488 1148 4538 Ernesti
1166 4490 1192 4537 in
1212 4490 1283 4539 Clas.
1303 4489 1357 4538 Cic.
1374 4503 1396 4537 e.
1415 4507 1440 4538 v.
1457 4491 1510 4538 Sed.
1530 4490 1615 4541 ontio

462 4548 512 4599 sic:
534 4550 555 4599 ai
566 4551 621 4615 quis
631 4550 690 4601 deus
701 4552 732 4601 ad
745 4552 862 4609 homines,
874 4554 916 4618 qui
927 4551 1022 4603 diversa
1053 4554 1100 4602 sibi
1114 4554 1241 4621 respondet
1255 4554 1304 4602 sic:
1323 4563 1438 4611 ceterum
1451 4570 1481 4603 ne
1491 4554 1616 4605 videamur

461 4623 588 4680 sequentes
608 4614 717 4673 laudant,
737 4616 810 4675 dicat,
832 4617 959 4673 Accedita
976 4632 1021 4681 ego
1053 4618 1153 4667 ridicula
1169 4627 1269 4667 tractare
1283 4618 1355 4675 velle,
1372 4628 1451 4668 amoto
1471 4619 1529 4668 ludo
1546 4636 1614 4685 quae·

461 4679 541 4729 statim
553 4696 595 4731 vos
610 4682 708 4731 mutabo
725 4680 749 4730 in
760 4696 801 4732 eos
823 4682 921 4747 inques
933 4682 1022 4731 mutari
1055 4698 1134 4731 ramus
1145 4683 1215 4732 seria
