3659 5892
910 551 1216 620 CARMINUM

700 710 905 796 indignoque
921 709 1095 794 pecuniam

743 811 881 877 Haeredi
895 821 1065 898 properet.
1112 809 1247 876 Scilicet
1261 811 1422 896 improbae

700 915 863 979 Crescunt
878 913 1020 978 divitiae:
1044 923 1155 977 tamen

745 1015 859 1080 Curtae
873 1016 985 1080 nescio
1000 1014 1082 1098 quid
1097 1036 1228 1099 semper
1243 1015 1340 1079 obest
1354 1013 1415 1077 rei.

888 1337 1098 1404 CARMEN
1123 1337 1242 1402 XXV.

860 1571 932 1618 AD
979 1568 1281 1620 BACCHUM.

662 1733 742 1806 Quo
757 1753 819 1809 me,
835 1730 981 1808 Bacche,
996 1731 1087 1816 rapis
1103 1731 1152 1795 tui

706 1835 865 1899 Plenum?
910 1834 998 1908 Quae
1012 1855 1157 1911 nemora,
1174 1843 1232 1897 aut
1246 1854 1332 1918 quos
1347 1853 1430 1916 ngor
1444 1829 1479 1895 in
1495 1852 1627 1917 specus,

665 1936 774 2002 Velox
787 1947 895 2000 mente
910 1938 1016 1999 noval
1062 1935 1196 2008 Quibus

706 2035 822 2102 Antris
836 2037 962 2122 egregii
977 2037 1119 2101 Caesaris
1135 2037 1252 2102 audiar

490 2258 566 2308 equos
573 2241 652 2290 udhtoe
661 2239 834 2289 indomitosrel
844 2241 913 2288 rudes
921 2239 1054 2297 domarent,
1087 2248 1136 2289 tur.
1162 2239 1283 2303 inprobe,
1294 2257 1352 2308 quse
1361 2241 1471 2307 improbo
1482 2237 1662 2304 inhonestaque

492 2308 642 2356 sutisootum
653 2313 697 2354 est.
726 2305 791 2352 Hinc
804 2305 921 2353 Horatius
929 2321 986 2371 sup.
997 2305 1014 2360 i,
1028 2308 1053 2362 b,
1086 2305 1168 2354 studio
1182 2306 1331 2372 colliguntur
1345 2307 1418 2372 (hinc
1433 2303 1575 2370 iniEpist·
1590 2304 1607 2360 i,
1620 2303 1658 2359 10,

493 2373 518 2428 ⁷,
533 2371 563 2420 de
578 2370 713 2420 effeminato
728 2369 822 2435 Sybari,
841 2369 937 2417 Gallica
956 2387 996 2418 nec
1014 2373 1053 2418 la·
1085 2368 1659 2435 40‚avuusuicirurimpratu);velsimp1ici·

490 2439 554 2498 paris
569 2435 686 2498 Temperat
703 2435 844 2500 arassetis.
881 2433 1052 2491 l'esaritr'net
1085 2443 1129 2492 ter,
1153 2451 1257 2499 mugnus,
1270 2436 1391 2500 ingentes.
1427 2435 1473 2482 Rer'
1490 2443 1576 2489 eune,
1593 2433 1657 2498 ejus-

492 2500 641 2549 venutionent
657 2499 760 2562 retugit3
777 2506 805 2546 ut
818 2513 873 2563 sup.
884 2498 902 2554 i,
914 2500 940 2555 8,
952 2501 977 2554 t,
990 2503 1055 2548 tinet
1086 2499 1151 2548 modi
1177 2499 1268 2549 divitiis
1295 2517 1360 2566 quse,
1384 2505 1439 2548 utut
1464 2498 1565 2565 umplae,
1589 2507 1660 2547 caree

495 2565 709 2626 Tiberintangers.
737 2564 912 2612 Graecatroebo.
944 2564 1053 2622 Trochus,
1085 2573 1168 2614 tumen
1186 2573 1212 2614 et
1228 2581 1308 2630 purrre
1325 2563 1506 2614 insatiabilibus
1521 2579 1609 2612 eurum
1625 2561 1659 2610 ri·

494 2628 613 2694 (τρόχος)
630 2627 735 2676 circulus
751 2627 866 2684 mensus,
883 2637 941 2676 rutae
957 2628 1052 2685 similis,
1085 2628 1173 2678 dentur
1190 2630 1383 2695 possessoribus,
1404 2643 1461 2676 num
1477 2636 1507 2677 ut
1524 2629 1590 2676 Hor.
1606 2642 1659 2693 sup.

494 2709 567 2758 quern
586 2693 652 2759 pueri
667 2691 777 2741 ludentes
792 2691 815 2739 ri
868 2692 1054 2742 senencircum-
1085 2692 1123 2750 iii,
1137 2695 1177 2751 16,
1191 2695 1232 2750 42,
1245 2695 1326 2742 Multa
1336 2696 1467 2757 petentibus
1478 2695 1565 2741 desunt
1576 2693 1661 2739 nube

494 2760 606 2822 egebunt,
625 2757 683 2806 duur
704 2756 776 2806 valde
797 2757 828 2805 de
837 2757 980 2806 ectubuntur
1000 2757 1055 2822 ejus
1087 2758 1130 2806 Cl.
1143 2758 1297 2823 Boettigerus
1308 2766 1432 2824 compunt
1444 2756 1557 2823 Euripid.
1569 2757 1660 2805 Electr.

495 2823 601 2936 dmpildd
614 2837 687 2935 appetu
700 2821 966 2935 snpiexiMsnnulialintedr
980 2837 1054 2935 Ἤ·
1085 2825 1144 2873 943.

513 2903 553 2935 um
603 2901 975 2936 ensv1.ercun.e
1047 2923 1055 2938 .

496 2952 588 3016 Gymn.
608 2950 643 3008 iii,
666 2952 692 3000 8.
732 2952 820 3006 Graec,
842 2967 856 2999 e
878 2951 1057 3000 Gruciuenim
1243 2951 1400 3001 cultuum
1419 2951 1505 3000 XXV.

496 3015 522 3064 in
541 3017 638 3064 Iuliam
657 3015 797 3064 translatum
813 3016 889 3064 luerut
904 3015 951 3064 hoc
966 3017 1057 3064 iustru·
1122 3016 1228 3081 Augusti
1238 3015 1334 3065 divinos
1344 3017 1447 3064 honores
1457 3015 1508 3063 sire
1519 3013 1661 3068 dauthar

496 3088 602 3129 mentum
627 3080 759 3140 lusorium
785 3084 949 3144 gratabantur
975 3081 1056 3145 igitur,
1088 3083 1278 3147 cumiuequum
1294 3081 1399 3130 menime
1413 3079 1513 3128 sublimi
1524 3080 1660 3128 celebratu-

497 3153 525 3194 ut
542 3145 585 3193 inl.
601 3147 651 3193 Sst.
667 3145 693 3202 ii,
709 3147 735 3200 2,
754 3145 781 3192 ll
800 3144 896 3202 dicitur,
916 3147 985 3210 pueri
1004 3147 1057 3194 Ro·
1089 3160 1139 3202 rus,
1152 3145 1256 3195 furorem
1267 3161 1341 3210 quem
1353 3144 1469 3194 Bacchus
1485 3145 1566 3209 poetis
1581 3144 1660 3210 dithy-

497 3210 572 3260 muni.
608 3211 684 3258 l'etr‘ta
700 3211 787 3272 legibus
803 3211 863 3266 olea,
883 3209 986 3258 hirede
1004 3212 1057 3258 alea
1088 3211 1202 3258 iambicis
1210 3211 1337 3258 immittere
1345 3210 1485 3276 putubatur,
1495 3218 1596 3274 pectore
1604 3225 1660 3259 eon-

497 3275 539 3333 (h.
551 3291 573 3324 e.
585 3275 650 3329 lusu,
661 3273 732 3339 cujus
743 3282 851 3328 eventus,
859 3273 959 3338 jactatis
971 3290 1057 3340 nempe
1088 3274 1149 3340 cipit
1158 3275 1283 3324 Horatius.
1318 3274 1413 3323 Buccbi
1428 3273 1503 3337 igitur
1512 3273 1596 3322 lurore
1609 3275 1660 3340 ple·

496 3339 553 3388 tulis
569 3340 608 3388 vel
626 3339 729 3396 tesseris,
745 3338 770 3385 in
789 3337 888 3386 tonans
905 3339 996 3402 positas
1011 3340 1057 3388 luit
1089 3355 1145 3399 nus,
1166 3339 1203 3388 uti
1226 3341 1323 3388 blaenus
1349 3338 1442 3404 sliquu.
1466 3338 1493 3387 in
1516 3353 1619 3387 nemore
1637 3347 1663 3389 et

498 3404 604 3459 arbitrio,
633 3419 685 3458 nos,
711 3403 900 3464 llasard-Spial)
920 3406 1057 3452 condenna-
1089 3403 1471 3478 specusaulertur‚ubiiuuutro
1482 3403 1593 3468 quodum
1604 3403 1664 3452 sub-

497 3479 571 3518 torun
583 3467 726 3518 mentionem
737 3466 794 3516 lucit
807 3467 892 3516 Cicero
907 3466 1016 3535 Philipp.
1028 3469 1054 3524 ii,
1089 3467 1146 3516 lune
1159 3477 1184 3517 et
1198 3469 1335 3517 inauditum
1351 3476 1408 3516 ante
1423 3468 1450 3515 in
1467 3469 1589 3532 Augusti,
1601 3469 1664 3518 intur

497 3535 539 3582 2³.
1088 3532 1147 3582 deos
1167 3533 1245 3589 relati,
1263 3532 1349 3582 laudes
1368 3548 1468 3582 carmen
1485 3532 1600 3582 dicturus
1617 3541 1664 3582 est.

529 3599 635 3648 59-64.
653 3597 830 3658 Quampnjura
840 3599 916 3658 putris
917 3596 990 3658 fides.
999 3603 1057 3645 cett.
1089 3599 1150 3646 Mox
1198 3598 1294 3646 alatum
1309 3613 1340 3646 ex
1356 3597 1431 3646 animi
1447 3596 1486 3645 sui
1502 3599 1612 3646 tumultu
1631 3597 1664 3646 ud

497 3663 555 3712 dum
566 3663 630 3738 turpi
641 3661 797 3726 lmudeputer
807 3659 909 3733 comedit
919 3660 1057 3726 pecuniam,
1090 3678 1116 3710 se
1132 3613 1227 3712 redidm
1244 3661 1417 3728 circumspicit,
1432 3670 1458 3710 et
1475 3662 1540 3717 loca,
1558 3662 1592 3710 sd
1608 3679 1663 3728 que

496 3743 568 3843 ttt
582 3723 1057 3856 iltttltltttdlttltttl‘tt·'
1089 3725 1664 3856 lttnmltlilttltttttnltt

497 3857 558 3906 endo
573 3827 709 3906 societatini
725 3855 787 3903 iniit.
819 3855 915 3902 Fallat:
932 3855 1057 3906 commode
1089 3864 1182 3905 tuturus
1198 3808 1503 3922 sititerum’profiteturv
1518 3858 1600 3905 Sensu
1618 3873 1663 3906 ur-

497 3923 597 3972 luudnnt
609 3923 661 3970 Cic.
679 3938 703 3988 p.
720 3921 796 3968 Rosc.
809 3919 891 3968 Aruer.
907 3921 954 3968 to:
973 3919 1003 3967 lu
1018 3938 1056 3969 re·
1089 3931 1136 3970 tem
1148 3921 1227 3970 dulcis
1237 3920 1303 3968 illius
1314 3921 1408 3978 luroris,
1422 3936 1471 3986 quo
1481 3919 1526 3985 qui
1533 3920 1664 3970 Bsccbunr

497 3989 538 4036 dus
557 3989 681 4034 minoribus
698 3989 781 4034 melum
791 3985 883 4049 fallere
900 3987 1057 4046 turpissimum
1088 3995 1224 4050 sequuntur
1240 3985 1423 4060 perfunduntur,
1441 3985 1565 4034 delenitus
1583 3987 1665 4036 subito

497 4061 538 4100 est.
573 4052 642 4100 Recte
658 4053 734 4114 igitur
744 4054 839 4112 majores
849 4065 908 4106 eum,
921 4051 962 4112 qui
972 4053 1057 4098 mium
1088 4066 1187 4100 carmen
1208 4051 1269 4099 tiurt.
1312 4049 1381 4108 Quid
1401 4049 1500 4115 assequi
1521 4059 1595 4115 poeta
1617 4051 1663 4100 lton

490 4117 625 4182 fefellisset,
638 4117 779 4163 tribunorum
793 4116 896 4162 virorum
908 4129 1002 4160 numero
1013 4133 1058 4164 non
1090 4116 1196 4164 carmine
1205 4114 1383 4180 dithynmbico
1398 4115 1487 4180 (quale
1497 4114 1547 4163 lere
1559 4124 1599 4163 est
1609 4131 1663 4182 sup.

496 4191 612 4244 potarunt
623 4181 700 4228 baberi
711 4188 836 4242 opportere.
860 4179 1001 4226 Camertem.-
1019 4194 1058 4226 so-
1090 4179 1117 4236 ii,
1125 4181 1170 4243 19)
1182 4179 1292 4236 voluerit,
1301 4178 1372 4228 facile
1383 4186 1493 4245 uppnret.
1527 4179 1664 4230 Ostendens

497 4246 550 4296 cius
577 4244 663 4293 dicitur
688 4260 785 4300 consors,
812 4241 862 4308 qui,
888 4242 953 4308 quod
978 4253 1060 4292 sortem
1092 4261 1179 4311 nempe
1199 4245 1285 4300 voluit,
1308 4260 1358 4308 quo
1379 4260 1419 4292 ore
1443 4243 1550 4308 Augusti
1577 4244 1663 4294 lunden

497 4313 630 4426 §summurn
691 4309 828 4364 unimnos,
843 4308 954 4370 Capitol)
970 4307 1058 4357 iume-
1089 4309 1255 4360 celebraturus
1273 4325 1341 4357 ruere
1360 4309 1456 4357 debeat.
1491 4309 1549 4357 Non
1570 4325 1663 4359 cuneus

515 4379 564 4425 ium
579 4385 651 4424 contu
663 4376 689 4432 it,
698 4373 752 4440 jure
763 4389 805 4422 suo
818 4387 911 4437 equum
927 4371 988 4421 lucri
1047 4401 1057 4411 -
1089 4383 1170 4425 autem
1192 4374 1248 4423 illas
1269 4373 1355 4422 luudes
1380 4388 1443 4422 novo
1465 4381 1491 4422 et
1511 4373 1662 4430 sublimiore,

497 4453 544 4492 tem
566 4440 685 4509 postulare
705 4446 790 4506 potest.
829 4437 940 4501 Indigno,
958 4454 975 4503 p
1018 4437 1058 4501 igo
1090 4438 1155 4506 quod
1173 4456 1199 4488 se
1216 4437 1326 4488 meditun'
1344 4438 1387 4496 uit,
1405 4438 1523 4493 carmine,
1540 4439 1617 4488 tacite
1634 4439 1664 4488 iis

496 4524 590 4574 nempe.
628 4507 754 4555 Pecuniam
821 4513 902 4564 peu-et:
933 4519 950 4565 p
1018 4521 1058 4552 ars
1089 4503 1206 4554 cauendis
1214 4514 1239 4553 et
1247 4503 1345 4553 uberius
1355 4502 1662 4569 enarrandisseimpurem

493 4577 613 4636 pecuniam
632 4572 752 4636 eleganter
788 4569 893 4624 icuntur,
911 4567 954 4632 qui
988 4583 1058 4616 rurus
1088 4571 1218 4636 profitetur.
1253 4571 1309 4628 Quo
1341 4567 1422 4616 uidem
1437 4568 1499 4615 nibil
1514 4568 1547 4616 ud
1562 4575 1662 4618 tentate

490 4647 659 4702 nocturnoque
669 4651 741 4701 opero
748 4634 842 4682 iaciunt
852 4641 993 4696 tsntsutque
1004 4647 1055 4680 orn·
1088 4635 1121 4684 rei
1133 4633 1317 4700 amplitudinem
1323 4586 1505 4696 designandum
1516 4633 1600 4700 aptius
1608 4648 1662 4696 gru·

497 4703 546 4758 niu,
564 4702 652 4816 unibus
675 4700 976 4812 pecuninrrltlfloscewent3
995 4697 1055 4810 ‘iltius
1087 4699 1189 4812 :plusqtpe
1199 4715 1213 4747 u
1222 4697 1355 4765 poetelingi
1364 4696 1453 4764 potuit:
1464 4695 1662 4763 cl.sup.srgum.

496 4784 579 4815 «svaros
609 4781 774 4820 uvenanxrv,
837 4779 979 4826 ,preparans
1012 4778 1055 4810 rcr-
1131 4781 1148 4818 ι,
1179 4799 1185 4812 .
