3659 5892
471 511 533 574 170
671 495 675 504 '
897 507 1195 574 cAanUM

681 664 819 742 Nastae,
835 674 869 728 et
883 685 988 749 genus
1002 662 1112 728 AEsei.

724 767 771 830 Et
785 776 931 852 pugnato
946 788 1040 831 sacro
1053 765 1140 832 belle
1154 766 1217 832 sub
1231 765 1311 831 Ilio:

628 869 649 930 5
684 868 762 942 Quo
777 868 897 934 Chium
910 868 1019 954 pretio
1038 867 1157 932 cedunt

723 969 922 1049 Meroemun
937 971 1011 1055 quis
1026 991 1144 1054 aquarn
1158 980 1319 1056 temperet
1333 969 1477 1056 ignibus,

682 1072 760 1146 Quo
774 1074 943 1157 praebente
958 1073 1090 1138 domum
1103 1084 1139 1138 et
1151 1085 1254 1158 quota

723 1174 868 1260 Pelignis
883 1197 1011 1240 caream
1025 1173 1214 1260 frigoribus,
1230 1187 1331 1244 taces.

681 1276 738 1343 Da
754 1277 859 1343 Lunae
873 1299 1014 1363 propere
1029 1298 1134 1356 novoe,

620 1381 660 1444 10
726 1379 781 1444 Da
794 1379 914 1446 Noctis
929 1379 1057 1457 mediae,
1072 1380 1127 1458 ds,
1142 1403 1237 1466 puer,
1252 1381 1388 1468 auguris

681 1481 860 1547 Mursense:
884 1481 991 1546 tribus
1007 1491 1065 1546 eut
1078 1503 1195 1548 novem

464 1670 494 1719 rh
510 1665 569 1733 παρ’
583 1665 675 1733 ἀμφοῖν
693 1665 738 1727 ἡδὺ
757 1665 909 1733 σύγκρατον.
943 1665 1024 1718 Vetus:
1054 1667 1158 1730 'auguris
1173 1669 1292 1718 Murenae
1308 1667 1423 1718 honorem
1437 1675 1525 1725 sumat,
1537 1667 1620 1718 edicit.

465 1732 527 1782 bene
542 1731 573 1780 ad
585 1747 658 1788 mam,
670 1739 786 1796 tanquam
796 1730 899 1797 pietatis,
909 1731 962 1797 jam
972 1731 1026 1781 lon·
1058 1731 1122 1780 Tum
1136 1748 1209 1781 more
1218 1731 1357 1797 impatiens,
1367 1741 1395 1781 ut
1407 1731 1466 1781 tibia
1476 1732 1568 1789 entim,
1579 1734 1619 1783 fis-

466 1797 503 1860 gis
513 1795 569 1846 inde
580 1796 649 1845 annis
658 1797 743 1845 Fauno
753 1797 1026 1856 amintemonnmen·
1058 1796 1119 1852 tula,
1132 1805 1158 1847 et
1172 1797 1226 1862 lyra
1235 1805 1345 1855 anonis,
1356 1813 1417 1846 rosas
1432 1804 1584 1871 spargantur,
1597 1809 1622 1848 et

465 1869 525 1919 tum,
535 1860 717 1925 designandam.
1057 1868 1105 1910 stre
1122 1861 1180 1919 itus,
1192 1878 1265 1926 quem
1281 1878 1329 1911 non
1346 1861 1399 1913 sine
1411 1861 1502 1912 inradia
1512 1877 1621 1912 morosus

496 1927 588 1976 9-16.
615 1926 699 1981 Lede,
724 1940 774 1991 pras
801 1923 885 1974 letitia
911 1923 1024 1982 assultat,
1056 1926 1100 1990 qni
1179 1941 1253 1976 senex
1271 1927 1353 1991 Lycus
1371 1943 1427 1976 cum
1450 1926 1556 2039 conju?
1575 1943 1621 1978 sua

466 1991 556 2048 παίζει.
591 1990 755 2047 Festus,diem
770 1989 856 2039 iestinn
870 1989 896 2040 in
912 1990 1026 2039 honorem
1057 1990 1137 2040 adhuc
1152 1990 1333 2041 adolescentula
1346 1990 1501 2040 inviciniaa
1534 1990 1621 2048 iatab

465 2061 534 2103 tuum
548 2055 681 2104 celebrans.
716 2053 796 2110 Vocet,
809 2054 902 2104 solutus
917 2062 955 2103 est
967 2068 1026 2118 ope-
1057 2053 1233 2105 insanientibus
1241 2055 1350 2105 convivis
1359 2055 1485 2112 excitetur,
1491 2055 1621 2106 vehemen-

465 2135 527 2176 rum,
546 2128 574 2169 nt
594 2119 640 2168 sub
659 2120 707 2168 hue
728 2118 841 2168 carminis
862 2117 1026 2168 antecedentis
1056 2119 1106 2168 tius
1123 2119 1233 2186 imperat.
1265 2120 1389 2195 Denique,
1399 2128 1427 2168 ut
1438 2135 1546 2168 amonim
1557 2136 1620 2185 quo·

465 2183 560 2232 dicitur.
593 2183 846 2245 lnteoudoeeslupm
860 2194 924 2232 errat
938 2199 1024 2262 qnos:
1056 2198 1105 2247 qua
1132 2184 1159 2232 in
1183 2184 1254 2234 hilari
1275 2185 1387 2233 convivio
1413 2184 1558 2235 celebrando
1578 2187 1623 2236 fiat

465 2247 522 2297 hinc
543 2262 597 2314 sup.
613 2247 631 2306 i,
652 2249 691 2306 17,
709 2249 734 2304 9,
754 2249 860 2297 indulos
880 2247 927 2296 sub
947 2245 1026 2296 launi
1056 2247 1155 2306 mentio,
1178 2248 1223 2298 Tel
1255 2249 1281 2297 hi
1307 2248 1455 2304 felicitatem,
1482 2248 1550 2313 qnod
1576 2250 1621 2302 ille

465 2312 576 2378 presidio
588 2313 711 2361 Martiales
725 2313 789 2385 lupos
800 2314 863 2362 haud
877 2321 978 2362 metuere
988 2311 1026 2359 di·
1057 2321 1143 2377 sponte
1153 2329 1169 2361 a
1180 2265 1269 2363 thde
1282 2321 1385 2380 petatur,
1397 2311 1520 2378 predicat,
1531 2313 1563 2364 de
1576 2331 1622 2366 sue

465 2386 569 2438 cuntur;
590 2376 665 2426 dueta
686 2376 720 2425 rei
741 2391 820 2453 imago
841 2384 878 2425 est
900 2378 932 2426 ab
954 2390 1028 2424 aurea
1058 2386 1139 2426 autem
1157 2376 1295 2435 infortunio,
1312 2377 1380 2442 qnod
1397 2377 1509 2442 Glycera
1526 2377 1574 2427 sibi
1594 2380 1621 2430 in

466 2449 544 2498 etate,
565 2456 614 2505 que
672 2455 723 2505 ges,
740 2457 805 2491 omns
825 2455 841 2488 a
857 2439 928 2490 seris
945 2439 1028 2490 bestiis
1058 2455 1139 2491 amore
1160 2449 1229 2555 paret
1248 2444 1373 2518 asperitas,
1393 2442 1509 2516 queritur.
1554 2444 1622 2494 Cum

465 2514 531 2556 metu
542 2506 621 2564 vacui,
642 2507 707 2555 ibere
717 2514 741 2554 et
752 2520 835 2554 secure
845 2506 1028 2555 circumerrasse
1059 2505 1111 2556 sine
1125 2505 1159 2555 du
1177 2507 1201 2554 io
1217 2506 1310 2556 felicior
1324 2506 1360 2556 rei
1375 2521 1407 2555 cu
1416 2506 1503 2556 usdam
1518 2517 1622 2558 uentus

465 2570 601 2634 finguntur:
619 2571 653 2620 cs.
669 2569 712 2618 int.
729 2569 764 2628 iii,
780 2571 875 2627 27,51.
909 2570 985 2618 Plura
1000 2568 1026 2617 in
1057 2569 1084 2617 in
1099 2585 1175 2620 causa
1192 2570 1273 2627 inerit,
1288 2586 1319 2621 ex
1335 2586 1386 2635 qua
1402 2523 1623 2623 itonuustetiors
1666 2560 1674 2574 ⁰

466 2633 528 2685 hanc
547 2651 596 2684 rem
615 2635 717 2684 collecta
739 2634 792 2683 loca
810 2633 878 2683 debit
897 2633 978 2684 Cerda
994 2632 1027 2682 sd
1057 2647 1113 2682 cnm
1129 2634 1214 2685 amieis
1235 2635 1286 2683 suis
1307 2635 1437 2684 celebraret
1452 2635 1572 2694 οοιινὶνὶι,
1593 2647 1624 2689 ut

467 2700 537 2766 Virg.
548 2699 603 2749 Ecl.
614 2699 645 2755 iv,
658 2701 699 2748 22.
730 2699 824 2774 Sporgit
836 2701 879 2748 tihi
888 2698 1025 2764 silvescere·
1057 2714 1112 2764 sup.
1124 2698 1142 2756 i,
1153 2701 1195 2756 36,
1209 2700 1326 2758 Neside,
1334 2708 1361 2749 et
1369 2699 1397 2757 ii,
1407 2700 1432 2757 7,
1445 2701 1550 2761 Pompeii
1563 2701 1622 2751 Veri

465 2767 517 2813 dea:
532 2763 594 2814 silva
604 2763 629 2812 in
640 2764 757 2813 adventus
766 2771 802 2812 tur
812 2763 925 2813 honorem
935 2761 1025 2828 spargit
1057 2763 1150 2814 saustns
1166 2764 1193 2812 in
1209 2764 1311 2830 patriam
1321 2761 1420 2820 radios,
1431 2773 1456 2814 et
1465 2764 1483 2820 i,
1495 2766 1539 2822 37,
1549 2766 1623 2817 letne

466 2828 531 2879 lolia.
565 2828 638 2886 Quod
647 2829 693 2877 sub
703 2828 772 2877 initio
783 2829 872 2876 mensis
883 2827 1025 2878 Decembris
1056 2830 1307 2892 dscleeprtrersorse
1322 2828 1443 2890 nuncius;
1459 2829 1501 2878 vis
1514 2828 1623 2880 dubitari

465 2907 507 2959 pro
520 2894 577 2942 anni
590 2903 693 2957 tempore
703 2903 787 2957 sponte
802 2892 905 2941 iaciebat
918 2892 988 2948 silva,
999 2891 1026 2941 id
1057 2893 1297 2959 potestquinpoeta
1306 2893 1463 2950 convivii,ad
1490 2894 1540 2943 uod
1548 2895 1622 2946 Tele·

465 2959 569 3007 suaviter
579 2957 604 3006 in
618 2957 696 3006 Fauni
707 2957 820 3006 honorem
832 2957 889 3006 deta
901 2972 975 3022 opera
987 2956 1022 3006 ie·
1089 2974 1131 3006 nm
1146 2957 1172 3006 in
1184 2958 1230 3008 hoc
1246 2957 1352 3008 carmine
1370 2966 1448 3015 vocat,
1567 2960 1573 2970 '

465 3023 527 3072 cisse
544 3023 649 3086 fingitur.
683 3023 750 3071 Folio
768 3020 833 3071 enim
850 3021 942 3072 invias
957 3038 1023 3084 sper·
1087 3022 1166 3072 titiam
1176 3037 1245 3072 snam
1261 3025 1380 3072 Murena
1397 3022 1428 3072 de
1442 3033 1563 3088 snguntu
1574 3041 1621 3074 nu·

463 3085 919 3152 gendi(polhoiiohia)sntiquitused
932 3085 1026 3135 externi
1057 3086 1282 3153 pertimeeidelato
1293 3086 1415 3136 declarare
1425 3087 1537 3138 soluerit.
1564 3091 1623 3148 Quo

466 3151 570 3208 honoris,
591 3151 638 3200 diis
681 3151 802 3209 restandi,
827 3150 1024 3214 significationem
1055 3151 1210 3201 concitatiore
1219 3159 1300 3201 autern
1311 3151 1400 3201 affectu
1415 3151 1459 3202 ille
1472 3152 1521 3203 hoc
1536 3154 1622 3204 eonsi-

467 3217 615 3282 pertinebat:
632 3215 655 3265 vi
674 3251 681 3265 .
701 3215 772 3266 Cerd.
791 3215 822 3264 sd
840 3217 909 3280 Virg.
926 3215 982 3264 Ecl.
998 3230 1024 3270 r,
1056 3215 1123 3264 rium
1135 3217 1301 3274 acceleratae
1314 3216 1401 3280 magis,
1412 3226 1505 3282 quanta
1519 3218 1576 3266 e'us
1590 3219 1624 3270 do

466 3283 508 3330 40.
535 3283 647 3345 Agrestis,
659 3281 743 3344 quales
753 3296 837 3346 nempe
849 3279 874 3328 in
884 3280 956 3344 agris,
964 3294 1027 3344 quos
1058 3281 1127 3330 novis
1149 3283 1267 3330 Murenae
1286 3282 1417 3330 bonoribus
1436 3283 1511 3331 fuerit
1559 3282 1622 3341 titis,

467 3347 568 3395 Faunus
577 3344 670 3402 tmnsit,
682 3346 776 3394 arbores
788 3352 882 3408 gerunt.
917 3345 1027 3405 Terpsda
1057 3346 1219 3410 cognoscitur.
1252 3346 1293 3394 De
1308 3346 1416 3410 Telepho
1430 3347 1463 3396 cf.
1479 3363 1537 3413 sup.
1548 3347 1566 3404 i,
1581 3351 1621 3405 1³,

466 3412 680 3539 lilim?
694 3408 1027 3532 triturentur
1059 3410 1624 3527 lsitifftsfhllfflhlsllss

466 3540 589 3605 ingenium
612 3538 716 3595 fossoris,
735 3539 776 3587 cui
797 3546 868 3596 terra,
888 3540 920 3588 ob
942 3552 1025 3602 graves
1057 3538 1115 3588 Chii
1134 3540 1182 3606 Ep.
1200 3539 1227 3597 ii,
1248 3539 1350 3589 Anthol.
1368 3541 1450 3590 Grec.
1469 3542 1501 3590 T.
1514 3541 1533 3598 i,
1551 3559 1578 3608 p.
1589 3545 1622 3592 94

466 3621 526 3670 quos
551 3605 573 3654 ei
595 3605 657 3654 inter
679 3601 816 3654 fodiendum
839 3604 901 3670 perit
922 3603 1024 3660 labores,
1043 3602 1155 3653 fdusiase
1180 3603 1319 3665 existimat3
1346 3603 1389 3654 sed
1410 3604 1543 3654 similitudo
1570 3607 1622 3663 ills,

466 3687 530 3736 sepe
540 3670 659 3719 innisafit.
1057 3683 1131 3733 quern
1151 3669 1220 3718 lonis
1236 3668 1293 3718 Chii
1311 3685 1408 3719 cannen
1426 3687 1483 3719 cum
1503 3669 1551 3719 hoc
1568 3687 1623 3720 car-

1057 3733 1122 3782 mina
1141 3733 1223 3789 hebet,
1241 3733 1356 3781 insimili
1373 3743 1466 3783 tantum
1484 3734 1516 3783 ad
1534 3735 1623 3784 hiben-

622 3797 775 3846 CARMEN
794 3797 867 3846 xlx.
1057 3796 1124 3853 dum,
1132 3797 1449 3854 saltandum,etcenendum
1456 3799 1624 3850 exhortatione

499 3862 580 3910 Instat
596 3870 667 3926 poeta
683 3861 831 3919 maturando,
847 3861 912 3927 quod
928 3860 954 3908 in
971 3860 1026 3910 nori
1057 3862 1170 3919 cernitur,
1182 3878 1237 3918 nec,
1247 3861 1373 3928 quidinde
1390 3864 1507 3913 Horatius
1522 3879 1623 3931 expres·

467 3927 563 3990 auguris
573 3927 691 3974 Muraente
706 3926 818 3975 honorem
833 3942 889 3975 cum
904 3924 1027 3976 sodalibus
1057 3927 1123 3983 serit,
1135 3936 1240 3992 apparet.

467 3991 517 4040 suis
528 3990 679 4039 instituturus
689 3999 733 4048 est,
742 3989 860 4039 convivio.
881 3992 942 4039 Pars
952 3989 1027 4054 hujus
1093 3992 1165 4040 1-e.
1177 3993 1296 4047 Φωκίωνι
1305 3993 1373 4041 distet
1383 3994 1412 4040 oh
1421 3992 1508 4040 inacho
1517 3993 1624 4044 Codrus.-

467 4054 571 4104 sodalitii
586 4063 623 4104 est
633 4054 764 4120 Telephus,
775 4055 890 4104 doctrine
907 4054 1025 4121 inprimis,
1075 4064 1118 4105 not
1127 4071 1245 4105 annornm
1255 4072 1382 4106 numerum
1392 4064 1487 4122 tempus
1494 4057 1558 4107 illud
1566 4059 1623 4109 inde

468 4131 496 4168 ut
510 4119 611 4175 videtur,
627 4118 699 4168 leude
715 4119 869 4185 conspicuus,
887 4128 912 4170 et
926 4135 957 4169 eo
973 4118 1026 4184 ipso
1058 4137 1073 4170 e
1106 4119 1157 4169 anti
1174 4120 1272 4170 uissimo
1343 4120 1433 4171 'vorum
1452 4137 1508 4185 rege
1527 4123 1623 4173 Inacho

467 4185 527 4234 sorte
543 4189 591 4232 tem
623 4197 647 4233 re
662 4184 688 4232 in
705 4183 837 4234 ordinanda
853 4192 878 4233 et
893 4184 1027 4233 comode
1058 4200 1135 4250 nsque
1187 4186 1426 4244 Codrum,utimum
1435 4186 1622 4238 Atheniensium

468 4248 566 4298 historia
582 4198 670 4298 disca
686 4258 825 4314 occupetur.
859 4249 933 4298 Hunc
954 4247 1027 4312 igitur
1058 4265 1147 4315 regem,
1159 4250 1337 4316 praeterlapsum
1353 4251 1451 4307 efficiet,
1465 4260 1491 4300 et
1506 4251 1568 4316 quid
1584 4269 1622 4304 re-

468 4312 597 4379 poetajam
612 4311 704 4364 mittere
719 4329 797 4362 rerum
808 4314 934 4362 doctarum
947 4322 972 4364 et
979 4315 1026 4362 ab·
1057 4331 1111 4363 rum
1129 4314 1192 4362 intra
1210 4315 1256 4364 hoc
1275 4316 1388 4382 temporis
1404 4315 1509 4391 spatium
1527 4325 1623 4381 gestum

466 4387 599 4428 strusarum
618 4376 818 4442 disquisitionem,
839 4386 865 4427 et
889 4378 914 4426 id
935 4378 1025 4444 potins,
1057 4379 1097 4431 sit.
1130 4378 1217 4428 Inachi
1235 4395 1333 4444 regnum
1350 4379 1437 4430 incidit
1450 4379 1524 4431 sume
1539 4381 1566 4430 in
1578 4398 1622 4431 an·

466 4444 533 4509 quod
549 4443 578 4492 ad
595 4443 732 4493 convivium
749 4443 912 4509 apparandum
928 4451 1027 4509 spectet,
1061 4459 1120 4493 num
1129 4459 1154 4492 a.
1165 4442 1256 4493 Christ.
1267 4461 1408 4501 ancccsvs,
1418 4445 1514 4494 Codrus
1520 4461 1577 4496 vero
1584 4447 1622 4495 vi·

467 4525 537 4572 egere
550 4508 629 4574 jubet.
662 4509 732 4566 Mox,
744 4508 814 4573 qussi
827 4508 854 4557 'm
872 4507 951 4557 medio
966 4523 1025 4558 con·
1058 4517 1107 4558 tam
1161 4507 1622 4575 patriadeposuitsrsxvurmtbleurs.

467 4575 531 4622 rivio
542 4573 594 4638 jem
604 4583 717 4630 versetur,
727 4581 753 4622 et
768 4573 793 4621 in
808 4588 837 4622 eo
855 4571 1027 4638 symposiarchi
1058 4572 1089 4623 de
1175 4573 1376 4634 .Attic.iii,16;
1392 4574 1538 4624 effluxerunt
1547 4575 1623 4640 igitur

468 4647 545 4704 partes
567 4647 632 4702 egat,
654 4639 720 4704 leges
740 4637 838 4710 bibendi
862 4638 981 4752 proponit,
1002 4647 1029 4686 et
1059 4638 1091 4688 ab
1102 4639 1195 4689 Inacho
1205 4639 1441 4703 usqueadCodrum
1451 4638 1547 4690 circiter
1557 4656 1622 4690 occe

467 4703 642 4772 quosquisqne
657 4702 745 4770 pocula
760 4717 786 4752 in
799 4703 884 4762 Lunae,
922 4702 991 4759 octis,
1002 4711 1028 4752 et
1059 4705 1126 4753 anni.
1156 4705 1204 4752 Pro
1210 4706 1448 4767 petriamtinidus
1458 4707 1527 4762 nori,
1535 4705 1623 4756 crece
