3659 5892
633 553 798 620 LIBER
820 553 848 634 l,
870 555 920 622 18.

287 707 463 776 Mordaces
479 707 575 774 aliter
589 705 766 793 diffugiunt
781 706 1026 775 sollicitudines.

245 814 266 878 5
287 813 371 887 Quis
386 823 464 898 post
478 812 554 876 rina
568 833 699 896 gravem
712 810 857 876 militiam
871 822 930 876 aut
943 813 1133 898 pauperiem
1147 815 1281 898 crepatl

289 915 373 990 Quis
387 937 454 978 non
470 925 503 978 te
518 915 639 998 potius,
656 913 788 979 Bacche
803 925 908 1000 pater,
924 925 1033 1000 teque,
1049 916 1170 982 decens
1184 916 1322 983 Venus?

288 1014 391 1082 Arne
406 1017 480 1101 quis
495 1017 615 1082 modici
630 1015 790 1082 transiliat
803 1039 939 1082 munera
952 1016 1079 1096 Liberi,

289 1120 474 1185 Centaurea
487 1131 598 1184 monet
612 1142 685 1185 curn
701 1118 853 1204 Lapithis
868 1121 941 1184 rixa
955 1141 1055 1205 super
1068 1142 1158 1186 mero

116 1301 124 1312 ⁶
289 1221 482 1300 Debellata3
505 1233 615 1286 monet
630 1221 789 1286 Sithoniis
804 1243 869 1286 non
883 1221 964 1287 levis
979 1222 1095 1302 Euius,

228 1325 268 1390 10
290 1324 402 1399 Quum
416 1322 466 1388 sas
481 1334 580 1408 atque
595 1322 687 1389 nesus
701 1323 822 1409 exiguo
836 1323 903 1389 fine
916 1322 1088 1389 libidinum

292 1425 494 1492 Discernunt
507 1426 604 1491 avidi.
649 1425 729 1490 Nou
744 1447 806 1510 ego
821 1437 865 1504 te,
881 1426 1020 1491 candide
1036 1425 1212 1507 Bassareu,

292 1529 433 1594 Invitum
447 1531 608 1614 quatiam3
631 1549 691 1594 uec
706 1529 803 1592 variis
818 1529 927 1593 obsita
941 1527 1112 1593 frondibus

292 1630 362 1696 Sub
379 1633 488 1698 dirum
502 1632 636 1717 rapiam.
683 1629 778 1695 Saeva
792 1641 866 1696 tenc
882 1653 957 1696 cum
971 1630 1168 1716 Berecyntio
1206 1679 1210 1686 -

293 1733 406 1798 Cornu
420 1745 583 1819 tympana,
599 1755 674 1818 quae
688 1734 899 1818 subsequitur
914 1755 1020 1798 caecus
1035 1731 1139 1798 Amor
1154 1735 1216 1812 sui,

230 1836 271 1900 15
292 1835 339 1900 Et
354 1835 471 1901 tollens
486 1858 624 1901 vacuum
637 1835 712 1920 plus
728 1835 826 1899 nimio
842 1833 959 1900 Gloria
972 1836 1137 1914 verticem,

291 1935 480 2022 Arcauique
495 1937 595 2004 Fides
610 1937 760 2024 prodiga,
777 1937 976 2022 perlucidior
989 1939 1085 2002 vitro.

238 2121 313 2170 7-9.
329 2121 506 2172 Sententiarum
516 2138 594 2172 nexus
607 2122 701 2172 estsere
712 2121 765 2170 hic:
799 2121 892 2170 ornarit
912 2130 992 2188 postu
1034 2122 1072 2171 Es
1092 2119 1202 2170 nefandis
1223 2119 1361 2180 sceleribus,

205 2185 247 2234 sed
257 2185 459 2260 quemadmodum
467 2187 549 2236 riuum
559 2186 652 2236 modice
663 2195 768 2236 sumtum
801 2203 856 2252 qun
878 2189 909 2236 ab
931 2185 1069 2236 hominibus
1090 2185 1226 2235 temulentis
1246 2187 1363 2236 committi

204 2249 375 2299 dulcrssirnum
396 2267 509 2300 summm
531 2252 689 2301 humanamm
709 2249 769 2299 leni·
801 2250 887 2308 solent,
901 2267 985 2306 unum,
997 2249 1240 2316 quodadBacchum
1256 2251 1363 2315 proxima

204 2324 313 2364 mentum
328 2323 375 2373 est,
384 2316 419 2364 ita
434 2315 506 2374 idem,
517 2317 642 2366 immodica
655 2323 769 2372 sumtum,
802 2323 903 2381 spectat,
916 2323 1093 2372 commemorat,
1104 2314 1201 2389 impiam
1213 2331 1298 2426 nempe
1308 2316 1363 2382 ejus

204 2379 365 2428 maximomm
389 2381 505 2430 malorum
527 2396 601 2430 causa
621 2380 671 2430 lieri
692 2380 769 2441 solet;
801 2379 913 2444 mysteria
924 2379 1052 2444 evulgandi
1062 2387 1226 2428 tementstern.
1277 2379 1312 2428 'on
1323 2397 1364 2442 ego

205 2443 298 2494 bellum
315 2443 380 2494 euim
397 2446 555 2512 Lapitbsmm
571 2461 626 2495 curu
643 2443 771 2495 Centauris
802 2455 824 2494 te
844 2452 900 2494 cett.
917 2445 1008 2494 carebo
1026 2443 1086 2493 mibi
1102 2443 1133 2492 ab
1151 2443 1198 2492 ista
1214 2443 1362 2502 temulentis,

205 2524 280 2574 super
289 2508 347 2556 rino
364 2518 482 2568 exortum,
494 2520 520 2560 et
534 2519 639 2560 cruentos
650 2511 771 2559 Thracum
802 2525 883 2576 qrrsm,
896 2509 1051 2559 nefandorum
1061 2508 1177 2557 scalenum
1187 2523 1294 2566 causam,
1306 2510 1363 2557 abo·

206 2573 268 2622 iuter
275 2575 462 2638 compotationes
472 2575 560 2632 cades,
567 2589 771 2640 unumquemque,
803 2573 909 2622 minaris.
944 2575 1058 2630 Candide,
1079 2573 1189 2629 formose,
1208 2573 1314 2638 pulcher,
1332 2574 1364 2622 ob

206 2653 238 2687 ne
255 2637 354 2686 modurn
371 2638 395 2686 iu
412 2639 517 2688 bibendo
532 2639 588 2688 viuo
604 2637 713 2694 excedat,
729 2637 771 2687 ad·
834 2646 941 2704 rpetrram
959 2637 1052 2686 Bacchi
1066 2637 1204 2702 juventam:
1222 2638 1254 2686 cf.
1271 2638 1364 2686 Bmuk·

206 2702 296 2752 hortari
311 2701 409 2752 debent.
444 2705 531 2753 Medici
544 2706 662 2753 transiliet
676 2721 772 2752 manera
803 2653 1088 2758 lineationibus,
1102 2705 1124 2751 l.
1154 2702 1288 2758 Bannrtas,
1300 2702 1364 2751 Bac·

208 2767 299 2824 Liberi,
315 2767 388 2832 paulo
405 2769 535 2818 sublimius
550 2784 601 2834 pro,
613 2767 711 2816 modum
730 2767 772 2832 qui
804 2766 899 2825 cbus,a
914 2783 973 2816 roce
987 2766 1092 2816 ‘l'hrscia
1105 2767 1143 2816 vel
1160 2767 1222 2815 arn
1238 2765 1308 2816 Bdss

208 2831 328 2880 tenendus
343 2840 380 2881 cst
397 2849 421 2881 ru
438 2832 596 2900 percipiendis
609 2831 703 2881 Escchi
718 2847 772 2880 mu·
805 2831 841 2880 vel
858 2838 931 2882 Base
963 2831 993 2890 ίς,
1006 2848 1079 2896 quarn
1093 2831 1181 2880 Suirlas
1195 2839 1220 2880 et
1234 2833 1315 2896 Etym.
1343 2832 1365 2879 l.

208 2896 317 2954 naribus,
334 2895 360 2943 h.
376 2911 399 2946 e.
415 2898 441 2946 in
456 2897 513 2946 rino
534 2895 646 2954 bibendo,
663 2895 771 2946 excedat.
803 2897 925 2962 explicant
957 2897 1054 2956 λύπηξ,
1072 2897 1130 2961 quia
1148 2911 1197 2944 non
1212 2895 1366 2944 hinnulorum

208 2960 308 3018 Medici,
328 2961 422 3010 modice
440 2961 556 3021 bibendi;
576 2960 690 3010 bacchus
709 2960 773 3010 eninr
804 2969 907 3018 tautum,
929 2961 971 3011 sed
992 2960 1063 3010 etiam
1080 2959 1187 3026 vulpium
1212 2959 1315 3026 pellibus
1340 2975 1366 3010 se

208 3040 258 3074 uon
273 3024 382 3074 ebrietati
396 3033 421 3075 st
434 3025 499 3083 rixis,
512 3043 566 3092 quse
583 3024 640 3074 irrde
655 3025 773 3082 oriuntur,
805 3025 889 3076 texisse
905 3025 1017 3074 dicuntur
1031 3025 1144 3082 Bacche,
1155 3041 1209 3091 qna
1224 3024 1280 3073 iude
1296 3023 1367 3073 dicte

209 3088 477 3152 radmodestiseiaret3
494 3091 550 3140 hinc
565 3089 773 3148 iul.2'l,3,vers·
805 3099 862 3139 sunt
890 3088 1051 3157 Baccnpr'drc.
1091 3089 1198 3156 Hesycb.
1230 3089 1366 3156 Βάσσαραι·

209 3156 303 3202 eandm
319 3153 424 3203 dicitur:
443 3157 569 3212 transilire,
582 3154 702 3204 notionem
720 3170 774 3222 pro·
826 3159 920 3214 ιτῶνες,
934 3155 977 3214 οὓς
990 3155 1094 3220 ἐφόρουν
1107 3155 1133 3204 ci
1146 3153 1249 3220 θρᾴκιαι
1260 3153 1366 3218 Βάκχαι.

209 3218 291 3268 terris
304 3226 329 3268 et
339 3219 477 3269 temeritatis
489 3220 572 3269 habet:
590 3219 621 3268 ci.
635 3235 689 3286 sup.
700 3221 775 3276 Mb
808 3173 911 3268 insitum
927 3223 1039 3284 quonum,
1058 3219 1083 3268 b.
1101 3235 1124 3268 e.
1141 3235 1205 3270 mom
1221 3217 1265 3267 tibi
1284 3217 1321 3266 dis
1338 3218 1367 3266 li·

210 3283 252 3332 Cl.
275 3283 377 3332 Mitsch.
397 3293 519 3350 comparat
541 3285 650 3348 'Ibeogm
674 3299 696 3332 v.
719 3285 776 3340 471,
809 3293 878 3333 cente
897 3299 966 3332 sacra
984 3293 1025 3332 trra
1044 3285 1152 3333 movebo.
1186 3285 1288 3339 Qualem
1328 3301 1367 3331 ac·

207 3345 256 3406 ”oc
271 3345 292 3396 δ’
303 3349 337 3396 ds·
353 3347 503 3416 ὑπερβάλλῃ
519 3349 605 3407 πόσιος
619 3347 720 3414 μέτρον,
734 3349 777 3397 οὐκ
809 3348 876 3396 chum
902 3348 966 3397 idem
991 3365 1043 3398 esse
1061 3349 1163 3405 ridetur,
1185 3347 1249 3413 quod
1276 3347 1368 3397 Bacchi

210 3411 245 3461 ἔτ’
260 3411 355 3471 ἐκεῖνος
371 3417 422 3474 Τῆς
436 3413 513 3464 αὑτοῦ
531 3413 646 3479 γλώσσης
661 3415 777 3480 καρτερὸς
808 3429 874 3460 sacra
888 3430 1023 3462 comme
1037 3413 1100 3480 apud
1113 3413 1183 3476 virg.
1195 3415 1257 3461 AEu.
1267 3411 1298 3470 iv,
1310 3413 1367 3470 ³01,

211 3476 266 3526 οὕτε
278 3477 347 3526 νόου.
382 3478 527 3528 Centaurea:
538 3493 625 3544 pugnas
635 3477 777 3534 illius,inter
810 3479 893 3532 erulis
908 3480 1021 3528 commotis
1035 3482 1109 3527 err-ito
1124 3481 1195 3526 sacris
1212 3477 1313 3540 mylas,-
1330 3477 1368 3525 in·

211 3542 350 3591 Centauros
361 3549 385 3590 et
397 3541 512 3607 Lapithas
523 3558 595 3618 super
602 3557 667 3592 mero
678 3543 703 3590 in
715 3557 777 3608 nup·
809 3541 890 3606 primis
904 3553 983 3591 autem
997 3543 1025 3592 rb
1036 3543 1176 3607 querererel
1188 3557 1274 3589 norm
1284 3541 1316 3588 ad
1330 3555 1369 3590 sa·

211 3605 254 3653 tiis
265 3605 368 3654 Pirithoi
384 3614 481 3663 exorta,
493 3607 657 3656 merissimam
672 3606 778 3674 descrip·
809 3622 902 3656 crorum
919 3622 1037 3664 rasorum,
1053 3608 1098 3656 sub
1115 3607 1183 3654 initio
1199 3605 1371 3656 ceremonias

211 3670 304 3718 tionem
328 3668 394 3718 dedit
414 3670 486 3719 ovid.
507 3671 569 3721 Met.
590 3671 632 3730 xii,
651 3673 699 3720 219
722 3687 777 3736 sqq.
809 3671 905 3736 templis
923 3671 1079 3728 sublatomm,
1093 3670 1248 3735 jactationem
1268 3669 1370 3720 referen-

213 3735 336 3792 Sr'rlsonr'is,
347 3734 457 3784 Thracia
468 3735 567 3801 populo,
580 3751 622 3801 pro
633 3735 691 3808 ipsis
701 3736 777 3784 Thra·
810 3734 868 3783 dum
879 3735 980 3784 videtur.
1014 3737 1062 3784 lt'ec
1076 3739 1149 3784 soriis
1162 3738 1234 3784 obsito
1243 3735 1371 3800 frondibus

212 3798 293 3856 cibus,
306 3799 395 3863 quibus
408 3800 439 3848 ob
450 3798 596 3858 ebrietatem,
607 3815 647 3849 cur
658 3800 694 3848 illi
705 3799 779 3848 dediti
811 3800 858 3848 Sub
876 3801 955 3848 dican
971 3804 1070 3864 sepium,
1082 3816 1126 3850 nec
1143 3815 1211 3848 sacra
1227 3798 1323 3848 occulta
1333 3799 1371 3848 vel

213 3873 280 3920 sum,
300 3863 339 3912 rel
361 3863 392 3912 ob
415 3865 524 3922 barbara,
546 3881 600 3929 quse
619 3865 675 3914 rino
696 3880 779 3929 graves
810 3864 931 3928 mysteria,
941 3863 1013 3912 variis
1030 3865 1152 3914 frondibus
1169 3865 1271 3920 obtecta,
1282 3873 1370 3928 protra-

214 3927 377 3986 committunt,
389 3927 503 3986 facinora,
515 3929 629 3978 Bacchus
645 3947 691 3978 non
708 3931 777 3988 levis,-
811 3928 866 3976 haur
878 3928 903 3976 in
914 3929 1037 3994 publicam
1050 3929 1146 3988 lucem;
1163 3928 1258 3994 publice
1271 3927 1335 3977 euim
1346 3928 1372 3978 iu

214 3991 258 4041 red
271 3991 351 4057 gravis
365 4001 390 4041 et
404 3991 504 4042 inferrus
517 3992 576 4043 deus
591 4002 643 4042 est:
662 3993 692 4044 de
701 3994 723 4041 T
724 3993 778 4042 hra-
811 3993 882 4056 orgiis
898 4008 936 4042 res
949 3993 1059 4058 quadam
1075 3993 1182 4058 mystice
1198 3992 1224 4041 in
1239 3993 1300 4042 cista
1312 4007 1371 4057 qua·

214 4073 272 4106 cum
282 4057 416 4105 vinolentia
430 4057 594 4114 ct.int.27,l
610 4073 663 4124 sqq.
698 4057 778 4117 Enim,
811 4055 867 4106 darn
879 4058 917 4106 rel
930 4059 1019 4113 arcula,
1031 4057 1119 4108 hedera
1134 4057 1287 4132 etpampirris
1301 4059 1372 4106 obre·

216 4121 342 4178 Bacchus,
360 4121 390 4170 ab
411 4121 455 4170 ills
473 4121 642 4171 bacchantium
660 4123 779 4172 acclama·
811 4122 870 4178 lata,
886 4121 1031 4171 circumferri
1050 4123 1158 4172 solebam
1179 4137 1195 4169 a
1216 4121 1373 4187 crstopboris:

214 4187 283 4236 done
297 4185 357 4235 Erras
368 4185 406 4250 (ri
417 4185 453 4250 ei)
465 4186 503 4234 sic
511 4186 600 4236 dictus.
814 4186 906 4236 Catuli.
917 4186 974 4244 lxiv,
985 4189 1044 4243 260,
1061 4187 1121 4236 Pars
1134 4191 1227 4236 obscuro
1241 4190 1303 4235 esuis
1316 4189 1372 4236 cele·

252 4251 293 4299 10.
311 4251 358 4298 For
371 4261 441 4314 atque
456 4251 530 4316 nesus,
542 4251 667 4300 honestum
679 4259 704 4299 et
713 4250 781 4300 iubo-
814 4253 911 4300 habent
934 4254 1000 4316 orgis
1020 4255 1091 4308 cistis,
1112 4252 1195 4318 Orgia,
1214 4269 1263 4314 qne
1275 4251 1375 4316 smstrn

216 4315 462 4381 uastum‚pulchmm
477 4323 589 4382 ctturps.
623 4315 714 4380 Exiguo
722 4317 782 4380 fine,
814 4318 913 4378 cupiant
930 4319 1013 4364 audire
1081 4320 1133 4365 nni.
1163 4318 1197 4365 Τὸ
1213 4319 1285 4364 comis
1302 4315 1375 4382 paulo

216 4380 288 4428 nullo
304 4379 353 4429 fere
370 4379 448 4428 limite
466 4379 604 4437 constituto,
639 4379 782 4445 ro⁴vulgsri‚
815 4379 923 4444 argudus
937 4381 975 4428 rel
993 4380 1024 4428 ad
1041 4379 1149 4429 ioiomm
1164 4381 1275 4436 colorem,
1290 4379 1328 4428 rel
1345 4379 1376 4428 sd

216 4459 310 4509 parurn.
343 4446 414 4493 Avidi
426 4446 558 4502 libidinum,
567 4443 610 4492 libi
636 4443 716 4502 nibus,
728 4445 783 4495 rino
814 4459 895 4494 eorum
907 4454 979 4495 rento
993 4444 1135 4519 agitatorum
1151 4455 1241 4493 motum
1257 4444 1377 4503 referrmt,

216 4507 337 4566 excitatis,
347 4508 512 4573 indulgentes.
814 4507 927 4573 equidem
936 4507 1075 4584 simpliciter
1075 4510 1175 4575 j‘rondss
1184 4509 1297 4558 osrissde
1304 4507 1376 4559 hede-

251 4575 290 4632 ll,
313 4575 353 4622 ll.
378 4573 434 4622 Non
455 4589 497 4648 ego
517 4582 538 4620 ts
559 4581 617 4622 cett.
651 4573 784 4637 Vulgarum
816 4573 900 4631 raceis,
911 4573 1053 4640 pampineis,
1065 4583 1090 4623 et
1099 4573 1154 4623 aliis
1164 4573 1264 4639 accipio.

216 4638 374 4688 senteutiam:
394 4644 411 4666 ⁸‘
452 4637 556 4686 ardema
567 4637 643 4686 lurore
654 4637 697 4686 illo
708 4639 784 4688 ebrie·
852 4640 957 4688 13-16.
972 4641 1034 4687 Seru
1046 4649 1098 4687 tens
1110 4655 1162 4686 com
1173 4637 1310 4703 Berecyntio
1322 4637 1378 4686 Cor·

216 4703 279 4762 tatis,
308 4719 347 4753 use
363 4702 420 4760 tibi,
456 4701 539 4758 scobe,
550 4702 670 4768 displicet,
681 4702 784 4767 diligen·
817 4721 851 4752 ns
874 4714 993 4767 tympana,
1011 4720 1060 4766 que
1080 4705 1239 4767 sisimirus:
1258 4703 1333 4752 retine
1355 4711 1380 4752 et

215 4721 319 4819 termili
333 4766 457 4826 carebo,”
469 4767 562 4832 agrame
576 4767 732 4833 sequentibus
742 4783 785 4818 ex·
818 4767 947 4835 comprime
967 4782 1058 4817 surum
1080 4775 1246 4835 tympanorum
1263 4775 1288 4818 et
1305 4783 1380 4817 corun
