3659 5892
646 564 859 646 LIBERI,
880 568 929 633 ll.

299 717 413 782 Laetue
429 727 516 781 sorte
531 726 589 781 tua
602 717 691 783 vivet
707 720 882 805 sapienter,
898 718 1020 787 Aristi:

233 818 276 881 45
297 818 372 884 Nec
386 842 438 883 me
453 819 596 884 dimittes
611 820 851 906 incastigatnm,
867 822 925 887 ubi
940 822 1036 908 plura

298 921 426 1007 Cogere
440 944 538 1005 quam
553 922 632 985 eatis
647 933 709 1003 eet,
725 945 763 988 ac
778 944 844 987 non
858 946 987 989 cessare
1002 924 1148 991 videbor.

297 1023 451 1109 Imperat,
466 1024 557 1089 haud
573 1026 682 1102 servit,
699 1024 835 1090 collecta
849 1028 989 1110 pecunia
1003 1028 1132 1111 cuique,

296 1126 437 1191 Tortum
451 1128 551 1212 digna
566 1128 659 1211 nequi
673 1128 783 1212 potius
798 1150 895 1211 quam
910 1128 1032 1193 ducere
1047 1126 1167 1194 funem.

296 1228 381 1294 Haec
395 1230 455 1294 tibi
470 1229 634 1295 dictabam
647 1240 724 1315 poet
737 1229 848 1295 fanum
862 1239 959 1314 putre
975 1228 1132 1308 Vecunae,

232 1330 276 1393 50
296 1330 460 1417 Excepto,
475 1333 563 1417 quod
579 1354 645 1397 non
659 1332 754 1398 simul
768 1352 870 1408 ennea,
885 1342 995 1398 cetera
1009 1332 1114 1397 loetue.

624 1637 866 1707 EPISTOLA
889 1638 952 1703 XI.

589 1868 653 1916 AD
683 1864 991 1918 BULLATIUM.

296 2045 392 2118 Qun>
406 2046 467 2110 tibi
479 2046 549 2109 visa
562 2044 675 2122 Chios,
690 2043 824 2122 Butae,
839 2054 983 2129 notaque
998 2043 1148 2111 Lesboei

295 2147 387 2220 Quid
401 2149 559 2212 concinna
571 2146 709 2211 Samos?
730 2147 811 2231 quid
826 2147 934 2212 Croesi
949 2148 1040 2233 regia
1055 2148 1191 2219 Sardis?

294 2247 432 2334 Smyrna
444 2249 535 2333 quid,
551 2259 585 2313 et
599 2247 793 2334 Colophon?
815 2251 939 2334 majora
952 2250 1115 2325 minorave
1130 2248 1239 2317 famei

207 2434 768 2573 rnmmflttmttrttttnr:
799 2435 1363 2563 sentientemque:

208 2576 275 2629 quta,
287 2578 330 2627 qur
340 2563 450 2613 libertate
459 2571 532 2621 caret,
540 2564 592 2629 jam
604 2579 671 2613 nnnc
682 2565 754 2613 vehat
761 2582 769 2624 ;
818 2581 856 2613 nc
867 2564 925 2613 sune
939 2565 1013 2613 ducta
1023 2564 1145 2613 ductorem
1157 2576 1302 2631 sequnntur:
1322 2572 1365 2635 qui

206 2626 250 2676 ted
271 2636 374 2677 noctram
394 2628 521 2678 lectionem
542 2630 667 2677 confirmat
684 2632 768 2678 nesciet
791 2580 880 2693 ionem
894 2632 969 2684 ducit,
981 2628 1089 2695 imperet,
1102 2629 1235 2697 quisunem
1249 2636 1362 2697 arqentor,

207 2689 234 2740 in
253 2708 276 2740 r.
294 2708 331 2759 eq.
365 2693 492 2757 Improour,
511 2692 649 2759 designatur
671 2708 766 2750 nemun,
831 2692 924 2742 reteire
936 2692 1014 2742 servit.
1049 2694 1363 2747 JamreroeuminCodd.

208 2756 251 2819 qni
261 2757 325 2806 malo
334 2765 360 2807 et
370 2757 478 2825 improbo
495 2757 575 2806 studio
592 2756 689 2807 divitias
707 2774 764 2807 con·
820 2756 862 2805 irii
873 2772 979 2822 quoque,
990 2764 1018 2804 ut
1028 2756 1137 2806 observet
1148 2758 1363 2811 Drakenborchina

207 2819 285 2883 gerit3
301 2821 358 2870 hinc
375 2838 429 2887 unp.
446 2820 495 2870 Od.
506 2821 541 2879 iii,
552 2824 594 2879 24,
606 2824 647 2879 82,
660 2821 719 2889 ipen
728 2826 766 2871 di·
797 2821 828 2869 ad
840 2820 892 2869 Liv.
901 2820 985 2877 xxviii,
997 2822 1022 2877 2,
1035 2821 1047 2883 §
1062 2823 1101 2878 ll,
1113 2838 1139 2896 p.
1153 2824 1208 2880 152,
1220 2825 1311 2875 centies
1320 2837 1362 2875 out

206 2886 268 2933 nitier
287 2884 523 2950 dicunnrrinrprode.
796 2894 822 2934 et
843 2887 907 2934 haud
928 2884 1080 2936 contuderint
1104 2886 1202 2944 librarii,
1230 2888 1255 2937 in
1277 2906 1311 2948 re,
1335 2900 1364 2940 nt

239 2952 346 2999 42-46.
365 2951 411 2999 Gai
421 2969 467 2999 non
477 2954 643 3000 meorumue
653 2966 698 3007 ret,
709 2958 766 2999 cett.
795 2949 856 2998 mihi
872 2949 975 3006 videtur,
987 2949 1118 2999 certissime
1135 2966 1186 3016 pro,
1200 2964 1242 3002 out
1259 2968 1289 3003 ex
1304 2970 1361 3003 con·

205 3013 313 3063 Semne:
330 3015 371 3064 cni
382 3030 533 3064 meunnon
543 3016 678 3073 conveniet,
695 3028 732 3070 et,
744 3014 765 3062 ei
794 3013 890 3078 jactura
912 3014 977 3071 dedi,
994 3016 1065 3063 tend.
1100 3016 1257 3066 Occasionem
1277 3018 1360 3068 hernrn

205 3076 252 3153 orit
268 3078 341 3127 nimis
360 3079 449 3153 ¹ampla,
472 3087 500 3128 ut
519 3079 623 3137 calcem,
646 3080 688 3145 qni
707 3078 767 3144 pede
798 3079 969 3153 puniculnjnm
1000 3076 1133 3127 confusioni
1165 3080 1231 3129 dedit
1261 3082 1361 3133 tortasse

205 3156 282 3263 35³3}
297 3151 343 3257 {ii
357 3142 766 3281 ttttt‘t‘ttttg‘ttt:
798 3145 1142 3257 Ptffttt‘tttttn.
1175 3208 1361 3261 necenne-

205 3280 258 3320 urct
268 3288 324 3321 eum
335 3281 407 3337 etque
418 3272 520 3321 vexabit.
552 3274 622 3330 Olim,
634 3289 687 3328 noa,
699 3282 765 3328 auu,
799 3270 1358 3337 bendtetndteperserendascrrovelecribn

204 3338 347 3386 manutenet:
363 3336 451 3385 viden
469 3336 694 3394 .adSat.i,t‚25.
722 3338 765 3384 Co·
798 3351 852 3385 meo
862 3335 993 3385 dictabam.
1026 3336 1080 3383 Port
1091 3338 1180 3401 jurium
1198 3348 1266 3399 prttre
1282 3340 1356 3389 Vocu-

202 3415 407 3477 geremonqererc.
456 3400 767 3477 oncamrerquieinenila
798 3418 849 3449 nc.-
874 3400 979 3455 Vareno,
1003 3398 1049 3449 dea
1069 3400 1221 3459 Sabinorum,
1242 3404 1359 3454 Romanis

204 3464 378 3515 intermissione
395 3464 421 3513 in
436 3464 564 3530 cujusdam
583 3482 616 3515 rer
631 3465 711 3515 studio
726 3465 765 3513 in·
799 3464 916 3522 Victoria,
928 3472 956 3513 ut
972 3464 1043 3513 docet
1054 3465 1131 3513 Varro
1148 3466 1211 3531 opud
1229 3468 1358 3518 Acronem.

205 3536 397 3588 trntueeat,non
407 3530 597 3579 concredicitur.
796 3528 851 3577 Hoc
874 3529 983 3577 Vacunae
1006 3528 1121 3593 templum
1144 3528 1169 3577 in
1193 3544 1248 3593 agro
1267 3534 1357 3583 Sabino

237 3593 279 3649 47,
290 3596 332 3643 48.
349 3596 460 3658 imperet,
473 3596 535 3643 houd
552 3597 635 3643 reroit:
655 3606 693 3642 ret
711 3592 765 3659 ipsa
795 3608 868 3659 prope
877 3592 960 3641 lucum
970 3593 1078 3642 Vacunn
1087 3606 1179 3641 antrum
1190 3594 1269 3652 (Plin.
1279 3598 1312 3645 H.
1323 3598 1358 3649 Ν.

205 3672 247 3722 pro
263 3658 356 3723 vulgari
371 3658 482 3715 lectione,
499 3670 551 3716 nur,
562 3658 670 3725 postulat
687 3656 764 3706 omni·
796 3656 833 3715 iii,
847 3658 900 3719 12),
922 3672 971 3705 nou
986 3656 1067 3723 procul
1079 3672 1094 3705 a
1104 3657 1164 3705 villa
1180 3659 1275 3708 Horatii
1287 3662 1357 3710 abiu·

205 3736 238 3769 no
249 3723 326 3782 Μυός
339 3724 443 3791 pecnnia
453 3738 532 3780 avaro,
542 3724 606 3772 sicut
615 3738 689 3788 equee
699 3735 763 3787 equo
793 3722 841 3771 inne
856 3720 960 3771 ridetur.
993 3721 1052 3769 Pout
1070 3720 1132 3769 iliud
1151 3724 1267 3789 templum
1286 3725 1359 3791 igitur

206 3787 248 3849 (nt
265 3804 289 3836 r.
309 3788 342 3837 to
360 3788 463 3850 dicitur)
483 3787 592 3853 imperat,
611 3803 659 3836 non
682 3786 762 3844 uertit,
795 3785 918 3842 Horatius,
939 3784 981 3850 qui
1001 3784 1026 3833 in
1043 3784 1103 3834 locie
1122 3786 1185 3835 vilirn
1202 3802 1253 3837 rure
1270 3790 1357 3839 vicinis

205 3851 247 3899 ned
258 3850 287 3909 ie,
299 3852 342 3916 qui
352 3852 480 3918 pecorum
493 3852 574 3908 habet.
589 3862 700 3901 uternam
713 3866 761 3899 rer·
793 3850 967 3915 circumvagari
983 3849 1083 3906 nolebat,
1096 3848 1121 3898 in
1133 3859 1184 3899 toro
1194 3851 1293 3903 tomen
1303 3871 1356 3919 grn-

204 3917 254 3974 eit;
273 3931 358 3967 teneus
373 3915 458 3981 igitur:
482 3916 586 3981 pecunia
605 3916 693 3981 cuique
712 3914 762 3963 coi·
794 3915 874 3964 mineo
888 3923 1019 3981 prostratae
1032 3913 1206 3965 dictavithanc
1223 3918 1357 3983 epistolam.

205 3978 276 4036 lectt,
295 3997 350 4047 quae
372 3980 459 4031 servire
476 3980 557 4047 potine
573 3979 702 4047 mseemori
719 3993 764 4027 auo
796 3978 1072 4044 Reiecithoctemplum
1081 3978 1358 4046 Vacanaepntre(vctnt·

205 4059 276 4108 quam
286 4045 400 4111 imperare
407 4046 518 4100 debebat,
528 4048 634 4108 imper-at,
645 4046 708 4093 trud
716 4060 763 4092 rer·
795 4050 845 4093 tatc
862 4042 1019 4105 maletum),
1037 4050 1065 4091 ut
1081 4042 1152 4092 docet
1164 4044 1214 4093 Fen
1224 4062 1254 4095 ex
1265 4057 1358 4113 reperta

203 4111 246 4157 nit.
280 4110 440 4159 Confirmatna
455 4124 508 4158 sum
519 4108 546 4157 in
557 4108 678 4222 prqpoeita
690 4108 764 4173 hujus
797 4108 880 4173 aliqua
888 4108 1057 4175 Inscriptione,
1070 4108 1242 4174 Vespasianus.

203 4172 251 4222 loci
261 4174 434 4232 emendatione,
512 4173 586 4223 narni
603 4172 702 4238 ernjam
711 4182 765 4221 ten·
829 4174 870 4221 50.
888 4172 995 4235 Excepto.
1009 4172 1055 4220 hac
1071 4186 1119 4220 una
1135 4188 1229 4223 reexce
1246 4184 1279 4224 tn.
1314 4177 1356 4225 Ce-

203 4245 266 4286 tanec
284 4238 325 4288 cl.
347 4182 512 4288 Weddedddil
528 4238 554 4286 in
580 4237 711 4287 Animedv.
737 4237 764 4286 in
795 4236 1064 4302 tern,quodndcetera
1079 4236 1179 4285 attinet:
1205 4190 1255 4288 vid.
1274 4240 1356 4295 Benti.

205 4302 290 4352 Horat.
307 4318 332 4369 p.
343 4304 384 4362 73,
398 4319 428 4353 ex
445 4301 575 4352 doctissimi
593 4302 695 4352 Obbarii
711 4302 763 4352 Ob·
796 4316 851 4369 nup.
860 4300 887 4349 in
898 4301 944 4350 hec
956 4300 1064 4367 Epistoir
1075 4300 1105 4349 ed
1114 4316 1137 4349 r.
1147 4303 1172 4350 3.

203 4374 299 4416 terrm.
311 4367 342 4416 nd
353 4368 378 4417 h.
389 4368 409 4417 l.
420 4366 530 4431 cognovi.
555 4368 660 4416 Pecunia
669 4382 699 4416 ex
711 4366 763 4415 Ho-

204 4430 258 4480 ratii
274 4440 362 4489 mente,
374 4446 448 4497 quam
465 4431 516 4489 ille,
531 4431 723 4497 quotiescunque
733 4430 764 4481 de
957 4429 1129 4479 EPISTOLA
1147 4430 1195 4479 XI.

203 4496 358 4562 ealoquitur,
371 4496 428 4546 eatis
439 4504 518 4562 apene
529 4496 648 4562 exprimit,
660 4513 706 4544 nou
716 4512 763 4543 rer-
828 4494 907 4543 Coras
933 4508 981 4542 non
1008 4494 1244 4558 peregrinationibus,
1267 4494 1355 4559 quibua

203 4563 246 4618 uit,
257 4560 300 4610 ted
316 4560 491 4628 pomeeaoribne
502 4572 618 4625 tanquam
629 4560 702 4609 sertin
714 4558 764 4608 suit
795 4558 886 4608 coelurn
901 4564 1004 4615 tanturn,
1015 4570 1063 4605 non
1081 4558 1174 4607 animur
1188 4566 1300 4614 mutetur,
1313 4560 1355 4610 ned

203 4627 300 4688 inperat
312 4642 322 4683 ‚·
349 4624 402 4675 haee
424 4632 462 4675 ert
482 4624 614 4674 secundum
637 4624 763 4674 Horatium
811 4622 922 4671 radentia
930 4630 955 4672 et
965 4621 1055 4671 ratione
1091 4622 1355 4699 ilipoeeemmicoruo,

204 4688 313 4763 pecunia
323 4698 416 4747 natura,
435 4698 461 4739 et
478 4688 542 4739 huno
561 4698 679 4746 naturum,
697 4697 725 4738 ut
742 4688 764 4737 ie
793 4638 912 4746 imitatio,
922 4687 1006 4736 Asiam
1018 4694 1043 4735 ot
1077 4702 1171 4735 riemanr
1182 4702 1292 4736 curarum
1304 4688 1355 4737 abi·

195 4746 247 4802 ini.
259 4752 337 4820 Epist.
348 4753 367 4814 i,
381 4756 420 4813 tn,
433 4756 465 4803 to
479 4752 546 4812 dicit,
558 4764 650 4802 natare
665 4756 764 4817 paureio
783 4752 926 4866 hgqndttrom
937 4764 1011 4801 cenet
1021 4751 1164 4816 peregranti,
1175 4750 1265 4801 scribit.

754 4835 771 4867 n
