3659 5892
582 967 969 1116 PRAEFAno
1013 978 1017 983 ”

495 1451 788 1509 EDITIONIS
815 1454 1046 1515 QUARTAE.

192 2143 279 2212 Hac
303 2157 456 2232 quartum
477 2146 621 2232 repetita
649 2144 781 2214 Horatii
805 2147 993 2214 Carminum
1022 2147 1216 2236 Lyricorum
1243 2151 1346 2218 editio

191 2263 265 2330 ideo
288 2264 497 2351 praeferenda
515 2275 568 2331 eat
592 2266 708 2344 tertiae,
727 2265 818 2350 quod
840 2277 982 2353 purgata
1003 2278 1056 2334 est
1082 2269 1169 2334 vitiis
1192 2278 1347 2355 typogra-

190 2382 307 2468 phicis,
327 2385 449 2468 quibus
467 2383 525 2450 illa
543 2383 683 2469 turpiter
703 2392 807 2450 scatet
815 2385 847 2449 ⁴.
892 2384 1033 2458 Quoties
1046 2395 1157 2452 autem
1170 2385 1346 2452 Horatium

190 2523 296 2567 meum
325 2503 449 2588 relego,
477 2503 575 2568 toties
598 2503 632 2566 in
659 2501 732 2568 loca
759 2501 865 2568 minus
888 2513 978 2569 reete
1005 2525 1026 2567 a
1050 2525 1102 2571 me
1124 2503 1289 2570 intellecta
1310 2515 1345 2570 et

190 2621 342 2704 exposita
369 2620 515 2686 incidere
545 2619 644 2686 soleo.
704 2620 991 2694 Quemadmodum
1016 2621 1117 2706 igitur
1144 2643 1185 2688 ea
1218 2623 1253 2686 in
1281 2621 1345 2688 hae

86 2731 90 2742 ’
191 2749 307 2821 quarta
337 2737 472 2803 Horatii
505 2738 648 2803 editione
679 2739 801 2804 rectius
829 2739 1060 2804 constituenda
1086 2751 1121 2806 et
1149 2739 1345 2826 explicanda

191 2858 301 2920 curavi
317 2855 415 2938 (nam,
432 2867 469 2921 ut
484 2855 644 2921 Horatius
656 2857 702 2921 ait
713 2856 824 2943 Epist.
836 2857 859 2934 i,
871 2856 921 2934 16,
936 2857 992 2935 24,
1008 2857 1182 2923 Stultorum
1195 2858 1344 2922 incurata

187 2976 293 3059 pedor
312 2976 416 3040 molas
434 2976 544 3040 ulcera
567 2975 691 3057 celat),·
713 2975 759 3039 ita
778 2973 843 3052 illa,
863 2995 939 3058 quie
958 2975 1087 3040 acutius
1106 2976 1258 3041 viderunt
1276 2973 1343 3052 alii,

189 3093 337 3158 modeste
351 3094 386 3156 in
400 3115 469 3158 rem
483 3115 587 3158 meam
600 3091 757 3158 vertenda
770 3092 893 3175 putavi.
940 3091 982 3156 Id
994 3091 1117 3158 factum
1129 3093 1277 3179 inprimis
1290 3103 1343 3158 est

189 3210 222 3274 in
244 3210 391 3276 editione
414 3209 547 3276 Horatii
571 3212 705 3288 minore,
726 3231 812 3294 quae,
836 3210 987 3276 absterso
1009 3209 1130 3276 sudore
1149 3210 1235 3293 (mea
1255 3211 1343 3276 enim

189 3327 285 3414 eulpa
304 3327 405 3413 paulo
426 3329 550 3394 diutius
574 3330 635 3394 sub
655 3327 747 3414 prelo
768 3327 922 3412 sudavit),
939 3328 1024 3392 viam
1042 3328 1085 3392 ad
1104 3327 1237 3394 Horatii
1256 3349 1343 3392 ama·

189 3455 289 3524 tores,
316 3446 438 3511 tirones
461 3447 611 3523 maxime,
634 3443 799 3512 adfectare
825 3445 1011 3512 meditatur.
1057 3445 1097 3510 ln
1122 3467 1162 3512 ea
1183 3444 1343 3531 proposui

93 3593 97 3600 ·
190 3564 271 3628 duas
308 3565 564 3642 emendationes,
594 3585 676 3650 quas
705 3563 879 3628 memoravi
907 3585 1039 3648 quoque
1068 3564 1103 3627 in
1130 3563 1194 3630 hae
1223 3573 1341 3647 quarta

190 3681 323 3748 Horatii
337 3683 491 3750 editione.
522 3683 589 3749 Pro
603 3683 747 3770 pusmois
761 3703 889 3767 nempe,
906 3680 975 3746 Od.
991 3681 1014 3759 i,
1031 3681 1087 3760 28,
1101 3682 1151 3760 ll,
1164 3681 1340 3766 legendum

188 3823 259 3866 esse
282 3801 475 3886 conjectavi,
498 3802 646 3886 quosdam
664 3803 711 3878 is,·
729 3810 763 3866 et
784 3799 852 3865 od.
869 3799 915 3878 iii,
934 3801 986 3878 li,
1005 3799 1056 3878 18,
1070 3822 1131 3884 pro
1146 3801 1216 3886 ςὶω
1230 3797 1340 3884 (quam

187 3918 360 3985 lectionem
381 3941 493 3985 omnes
517 3919 724 3984 emunctioris
747 3917 835 3982 naris
860 3917 1057 4003 interpretes
1080 3916 1221 3982 Horatio
1243 3915 1340 4000 plane

186 4038 353 4123 indignam
377 4037 594 4122 judicarunt),
623 4046 730 4101 cestus.
785 4035 912 4101 Verum
942 4034 1122 4120 probandae
1150 4057 1193 4098 an
1221 4034 1342 4119 impro-

187 4157 304 4221 bandae
327 4156 393 4221 sint
416 4156 469 4221 har
492 4156 567 4220 duoe
587 4153 840 4231 emendationes,
859 4155 1004 4218 virorum
1024 4151 1195 4217 doctorum
1212 4152 1340 4236 judicio

219 4439 247 4513 [⁸
264 4441 419 4495 Editionem
435 4447 524 4492 tamen
537 4438 609 4490 illem
621 4445 740 4508 quartam
753 4435 916 4503 carminum,
929 4444 960 4488 ut
971 4444 997 4489 et
1008 4435 1151 4490 secundam
1161 4435 1302 4489 Satirarum
1314 4447 1341 4490 et

187 4541 369 4613 Epistolamm,
381 4543 450 4598 vitia
463 4541 651 4613 typographios
668 4556 717 4594 nec
729 4555 813 4610 peuce
824 4555 872 4593 neo
884 4539 953 4592 levia
968 4539 1110 4604 maculant,
1120 4554 1137 4591 a
1147 4537 1246 4609 quibus
1256 4538 1341 4594 editio

186 4642 235 4698 hae
244 4657 282 4701 est
294 4647 435 4720 purgem]
542 4650 545 4658 '
