3659 5892
687 554 854 622 LIBER
878 556 905 636 l,
932 558 982 623 10.

338 708 471 777 Scilicet
486 708 605 777 oblitos
621 710 803 795 patrieque
815 712 986 796 petrisque
1003 710 1126 790 Latini,

337 812 450 887 Quum
466 812 590 880 Pedius
605 834 721 878 causas
736 812 877 879 exsudet
893 812 1076 899 Puplicole,
1091 822 1190 898 elque

333 914 507 993 Corvinus,
523 914 638 1000 patriis
654 914 878 981 intermiscere
892 916 998 1001 petite

267 1016 311 1082 30
332 1015 447 1083 Verbo
461 1015 541 1081 foris
556 1015 660 1095 melis,
678 1016 836 1083 Canusini
849 1038 940 1083 more
954 1018 1132 1105 bilinguis?

329 1117 446 1205 Atqui,
462 1140 524 1206 ego
539 1142 641 1205 quum
656 1118 794 1185 Graeeos
808 1118 962 1199 iacerem,
977 1130 1074 1185 natus
1089 1142 1177 1187 mere
1191 1122 1285 1201 citro,

331 1220 534 1302 Versiculos,
550 1224 654 1289 vetuit
669 1222 725 1287 nli
740 1245 791 1288 me
807 1244 886 1289 voce
901 1222 1075 1301 Quirinus,

329 1322 411 1389 Post
424 1325 564 1391 mediam
579 1336 708 1392 noctem
722 1320 822 1403 visus,
839 1346 941 1409 quum
955 1327 1080 1391 somnia
1094 1346 1188 1398 vers:

332 1430 355 1463 “
369 1424 410 1491 ln
426 1426 537 1491 silvam
552 1448 619 1493 non
632 1427 721 1513 ligne
736 1425 822 1492 feres
838 1427 995 1506 insanius,
1012 1450 1051 1493 ec
1065 1429 1093 1493 si

263 1526 308 1593 35
328 1527 470 1615 Magnas
487 1528 681 1595 Groecorum
694 1528 786 1595 melis
802 1528 938 1615 implere
952 1532 1132 1597 cntemns3¹

326 1630 498 1717 Turgidus
513 1630 655 1718 Alpinus
666 1630 798 1719 jugulet
812 1632 890 1697 dum
905 1632 1097 1710 Memnona,
1112 1633 1257 1718 dumque

329 1732 481 1821 Delingit
496 1734 608 1800 Rheni
621 1734 746 1799 luteum
760 1743 878 1819 capum
902 1734 974 1801 hec
989 1758 1052 1820 ego
1065 1733 1158 1813 ludo,

327 1836 414 1911 Quae
429 1858 489 1904 nec
505 1838 537 1902 in
553 1837 625 1903 aede
640 1846 756 1903 sonent
771 1837 942 1916 certantia,
954 1838 1068 1923 judice
1083 1836 1217 1923 Terpts3

325 1936 400 2005 Neo
415 1940 551 2005 redeunt
566 1940 684 2005 iterum
698 1947 797 2023 elque
812 1939 931 2004 iterum
946 1941 1126 2026 spectanda
1140 1940 1289 2012 theatris.

259 2039 303 2105 40
325 2039 456 2129 Arguta
472 2042 641 2109 meretrice
657 2050 763 2128 potes,
780 2039 943 2127 Davoque
958 2042 1135 2109 Chremetis

237 2230 317 2279 isonti.
339 2229 398 2279 ves.
426 2228 518 2287 Schoh,
552 2228 651 2279 Dicitur
677 2230 797 2279 Pitholecn
830 2229 915 2282 Latine
927 2231 994 2297 loqui
1005 2229 1096 2283 docuit.
1130 2232 1180 2282 Fen
1188 2230 1295 2282 defendit
1307 2231 1390 2282 lectio·

235 2297 402 2359 epigrammata
422 2296 525 2343 ridiculo
544 2292 654 2360 (inepte)
674 2296 797 2357 scripsisse,
830 2310 899 2345 nem:
929 2298 1022 2346 Scilicet
1042 2298 1126 2348 oblitus
1150 2300 1234 2361 patric
1256 2300 1390 2363 possisque,-

235 2360 262 2406 in
280 2362 362 2421 quibus
380 2360 463 2409 Graec
480 2362 550 2409 verbs
569 2362 641 2407 mirra
658 2370 726 2409 erant
745 2376 798 2412 curn
830 2360 916 2411 latine
928 2362 1005 2417 Quum
1021 2362 1107 2411 Pedius
1116 2378 1196 2411 musas
1208 2363 1309 2411 amec.
1344 2362 1388 2409 Ps-

196 2430 200 2440 '
234 2422 338 2496 [gatissis.
380 2424 520 2481 Connnnus,
548 2424 717 2481 concinnatus,
739 2438 797 2475 con·
828 2427 882 2475 dius
905 2426 1124 2489 puplicamque
1144 2428 1272 2475 Οοτυίηιαε
1306 2425 1389 2475 Schol.

232 2496 522 2609 aliisichlihinllilemi,
544 2550 627 2601 vinum
648 2550 794 2627 hiemum,
827 2490 1388 2613 qqqiafmqmfflitffiumqgs

232 2624 290 2665 note
300 2616 442 2667 scilicetnm
459 2615 735 2666 hereveleedoaddrte
750 2617 793 2667 do·
825 2620 909 2681 signes.
944 2620 1030 2669 Psdius
1047 2619 1144 2684 quidem
1159 2620 1280 2668 Publicola
1297 2620 1389 2669 videtur

233 2682 313 2740 sebas,
325 2682 405 2732 ubi'et
419 2634 464 2731 sul>
474 2682 564 2747 quibus
575 2680 723 2752 consulibus,
735 2681 760 2731 b.
771 2698 794 2731 e.
827 2684 936 2733 Gesnero
949 2692 974 2739 et
989 2684 1045 2733 eliis
1061 2683 1126 2735 iilius
1143 2682 1217 2734 fuisse
1231 2686 1264 2745 Q.
1276 2684 1346 2733 Pedii
1357 2686 1387 2733 ii·

231 2760 282 2810 quo
298 2761 362 2795 enno
372 2746 464 2802 vinnm,
475 2746 501 2795 in
516 2746 546 2795 iis
562 2745 695 2805 conditum,
710 2754 793 2795 nanim
825 2747 883 2807 lius,
895 2749 938 2814 qui
948 2763 1012 2799 enno
1024 2749 1073 2797 710
1086 2764 1142 2798 cum
1154 2748 1288 2799 Octaviano
1302 2752 1386 2800 consul

228 2820 307 2861 esset:
324 2812 357 2859 ei.
368 2810 526 2877 supsstd.
537 2812 564 2868 ii,
577 2812 618 2860 bt.
825 2813 896 2877 legem
919 2814 1016 2862 Pedium
1042 2816 1071 2861 sic
1097 2816 1266 2877 pnnssmribus
1291 2814 1387 2863 casaris

261 2876 356 2933 emt.
371 2876 428 2924 Cum
440 2876 789 2941 uersusfncios,cett.scnsus:
824 2877 889 2929 sutis.
922 2878 1014 2928 Clerior
1022 2878 1095 2927 Pedio
1105 2887 1143 2927 eet
1158 2879 1194 2927 Μ.
1210 2878 1317 2927 Valerius
1328 2880 1385 2927 Cor-

230 2954 298 2998 num,
309 2956 399 3005 queso,
409 2948 471 2998 tum,
482 2956 538 2989 cum
550 2956 632 2989 versus
639 2939 723 2996 socies,
734 2956 790 2989 sus·
823 2945 891 2991 uinta
908 2942 1017 2999 Messala,
1039 2958 1111 3007 quem
1127 2942 1307 3001 Quinctilianus
1324 2960 1384 3008 quo·

228 3002 284 3053 rius
296 3020 347 3055 esse
362 3004 578 3062 existimantium
594 3005 682 3054 Graeca
696 3004 789 3053 Latinis
821 3022 867 3071 qne
876 3023 901 3065 x,
915 3009 939 3063 l,
951 3006 982 3057 ed
992 3006 1095 3073 optimos
1104 3007 1271 3056 &manorum
1282 3017 1386 3059 oratores

228 3068 369 3127 adsciscere,
381 3085 413 3118 en
425 3070 480 3133 (st)
491 3071 563 3119 etiem
573 3078 633 3126 tum,
645 3084 702 3118 cum
712 3069 790 3133 gravis
821 3072 906 3133 ntes,
923 3078 948 3121 et
956 3072 1012 3132 hjnc
1020 3070 1243 3121 Horatiuseunslem
1254 3070 1298 3120 inl.
1306 3072 1384 3148 Epist.

227 3148 302 3183 causa
312 3134 419 3185 accusati
431 3134 545 3199 Petillii(
565 3150 591 3183 ro
622 3132 690 3183 ueris
701 3134 788 3198 musa)
821 3133 848 3193 ii,
864 3138 890 3195 3,
906 3136 965 3195 ³70,
981 3139 1093 3186 dentum
1108 3135 1384 3187 vocnt2dehisd1ctis

226 3197 272 3247 tibi
280 3200 411 3264 peroranda
419 3200 469 3249 siti
501 3150 731 3274 Del'etiilio‚iurti‚
757 3216 790 3275 uo
821 3200 954 3275 oratoribus
967 3200 1063 3267 scripsit
1080 3200 1121 3250 Fr.
1133 3201 1241 3251 Ellendt.
1253 3200 1383 3267 Eloquens.

225 3277 338 3312 coronam
347 3278 443 3313 ennam
452 3264 483 3315 de
493 3280 522 3313 ca
539 3272 572 3313 rte
582 3265 651 3314 lovis
658 3216 791 3329 Capitolini
823 3264 898 3316 Rom.
910 3266 976 3315 Hut.
984 3283 1009 3332 p.
1021 3282 1083 3315 cm
1094 3282 1149 3331 sqq.

223 3327 305 3441 qundo
313 3328 506 3393 illeCopitolisnss
531 3328 652 3390 'tusest)
662 3328 790 3379 sustulisse
854 3331 895 3382 ul.
917 3330 996 3381 Notus
1018 3348 1080 3379 nore
1098 3334 1169 3386 citro,
1188 3346 1237 3379 non
1257 3338 1323 3379 trans
1344 3331 1383 3381 vel

242 3391 322 3451 icitur,
333 3402 455 3453 aeconio,
466 3403 493 3443 et
505 3394 537 3443 eb
550 3391 676 3459 jndicibus
690 3392 717 3441 in
733 3407 788 3457 gres
820 3393 894 3451 ultre,
906 3394 950 3445 sed
959 3394 1020 3445 citro
1031 3410 1105 3453 more,
1117 3396 1143 3445 b.
1153 3410 1177 3443 e.
1188 3410 1237 3444 non
1247 3394 1274 3443 in
1285 3395 1382 3445 Grecis
1390 3448 1401 3463 ‚

224 3456 285 3507 siam
297 3458 490 3525 Augusti,cujus
500 3458 659 3514 amiensem,
668 3456 787 3515 absoluto,
820 3459 988 3519 commacina,
999 3459 1042 3515 sed
1056 3460 1083 3509 in
1093 3460 1167 3515 Italic
1181 3467 1267 3509 ustus:
1285 3459 1317 3508 ct'.
1329 3461 1381 3511 Set.

191 3532 198 3539 ’
225 3520 788 3589 vid.sup.edSnt.i,i,99:ejusceusedici·
820 3522 848 3582 ii,
860 3524 884 3579 Β.
896 3524 938 3574 ts.

223 3592 264 3662 tur
281 3588 353 3664 flurs,
372 3588 429 3662 quin
447 3603 496 3637 non
512 3586 582 3639 tacite
601 3586 633 3639 nb
652 3585 789 3639 iusitnuleto
852 3590 893 3643 ³2.
911 3588 990 3639 Vetuit
1005 3605 1049 3645 sne,
1067 3604 1104 3639 sc.
1120 3602 1204 3640 versus
1224 3588 1324 3637 Grecos
1344 3589 1380 3638 is·

223 3666 324 3775 millii!
347 3661 580 3769 .υὲξέσῆΐὲὠί
592 3732 648 3767 cum
665 3714 785 3791 Heindqr-
820 3668 892 3767 wilei.
905 3718 985 3771 Quum
992 3720 1078 3767 ennio
1086 3734 1149 3773 nero,
1157 3716 1187 3766 de
1196 3716 1308 3782 opinione
1315 3726 1380 3769 vete-

222 3780 263 3838 iio,
276 3796 306 3831 ex
325 3781 503 3847 elegantissima
516 3782 657 3847 conjecture
667 3780 783 3837 Bentleii,
815 3796 876 3840 rum,
889 3797 945 3831 vers
959 3797 1012 3831 esse
1022 3781 1189 3847 postmodium
1204 3789 1300 3830 noctem
1315 3798 1379 3833 sour-

223 3846 314 3895 oblitos.
348 3848 438 3895 Sensus
460 3855 485 3897 et
506 3862 595 3897 nexus:
625 3845 718 3895 scilicet
743 3847 785 3921 (ut
816 3847 866 3905 nie,
877 3846 988 3920 exempla
1001 3846 1123 3910 congessit
1134 3846 1379 3898 Cioieuusstvid.

221 3912 330 3961 nucleis
339 3927 395 3961 cum
410 3910 527 3967 irrisione,
539 3911 582 3961 ubi
592 3910 736 3961 contrarium
746 3926 783 3959 ιιι-
817 3910 916 3960 Heroid.
929 3928 978 3968 ιιι,
993 3913 1049 3961 195.

222 3972 382 4039 telligentlum
402 3978 452 4037 est)
471 3992 527 4025 cum
548 3974 639 4027 Pedius
656 3974 786 4025 Publicola
849 3976 956 4030 36-39.
973 3975 1093 4039 Turgidus
1103 3976 1203 4038 Alpinus
1207 3976 1310 4039 jugulat
1321 3978 1378 4029 dum

221 4048 295 4104 etque
303 4040 421 4089 Corvinus
432 4056 518 4091 censes
525 4041 551 4090 iu
559 4040 654 4106 judicio
663 4040 783 4104 (sunder)
816 4040 956 4089 anona:
973 4039 1033 4088 dum
1051 4040 1158 4091 tumidus
1169 4047 1248 4105 poete,
1260 4039 1377 4105 Alpinus,

222 4104 289 4153 omui
304 4104 390 4154 virium
408 4106 561 4157 contentione
579 4106 652 4163 dicat,
670 4114 695 4155 tu
712 4104 783 4155 malis
815 4106 949 4155 hiemuons
969 4105 1000 4153 sb
1020 4104 1119 4155 Achille
1139 4106 1166 4154 in
1186 4118 1268 4170 pugne
1286 4120 1379 4159 cesum

222 4183 290 4227 sene,
301 4186 351 4228 eos,
364 4168 450 4219 oblitos
466 4179 490 4220 et
507 4179 584 4227 terre,
596 4169 639 4221 uhi
654 4168 704 4219 neti
717 4178 781 4230 sunt,
814 4168 937 4228 describit,
948 4168 991 4219 sed
1005 4169 1086 4236 inepte
1099 4168 1258 4235 descriptione
1274 4184 1330 4218 eum
1347 4170 1379 4219 ds

219 4242 246 4283 et
262 4234 335 4299 petris
353 4233 435 4283 Latini
453 4236 542 4299 (soceri
555 4236 650 4292 AEnee,
667 4243 782 4300 tanquam
815 4234 907 4300 integro
921 4234 992 4299 qumi
1009 4234 1131 4284 ceditve!
1142 4233 1248 4300 jugulat.
1281 4234 1318 4283 Eo
1329 4234 1377 4283 iere

220 4299 327 4349 auctoris
347 4298 430 4349 Latini
448 4300 560 4356 nominis,
578 4308 604 4349 et
622 4298 714 4351 Latinos
735 4298 781 4347 lin·
815 4298 883 4355 redit,
894 4298 960 4365 quod
972 4298 1037 4348 adh.
1048 4299 1067 4347 l.
1077 4298 1211 4349 obsemvit
1220 4307 1287 4348 vetus
1299 4298 1375 4349 Scho-

221 4363 300 4427 guae),
316 4365 389 4413 soba
406 4380 435 4413 ex
454 4364 579 4431 peregrine
594 4362 683 4431 (forn)
700 4362 784 4428 lingue
814 4363 904 4415 hostes.
949 4363 1049 4414 Scilicet
1070 4363 1140 4413 homo
1162 4362 1258 4429 ineptus
1278 4362 1376 4429 ineptiis

221 4428 297 4493 petite
314 4428 397 4513 patrie
414 4428 504 4493 lingue
522 4428 599 4478 verbis
613 4427 781 4485 intermiscere,
814 4429 866 4479 suis
886 4430 987 4478 alterum
1003 4431 1131 4492 jugulare,
1152 4430 1261 4484 mcicim,
1282 4444 1376 4477 ensem

218 4492 421 4543 sicuntenusini
438 4493 464 4541 in
479 4494 570 4561 Apulis
588 4493 696 4559 linguam
713 4492 781 4543 Gre·
814 4492 913 4547 dicitur.
948 4495 1016 4558 Defin
1035 4496 1054 4541 is
1076 4493 1154 4542 libeni
1177 4496 1265 4541 luteum
1288 4503 1375 4555 caput.-

218 4572 272 4607 cenr
291 4566 316 4608 et
327 4558 440 4607 Latinum
456 4558 517 4609 inter
531 4574 557 4609 se
573 4558 726 4609 commiscere
742 4574 780 4606 so·
814 4574 857 4623 pro
878 4560 976 4623 depingis
997 4511 1099 4607 cierunt
1122 4572 1218 4622 quoque
1238 4556 1293 4604 libri
1315 4565 1375 4607 vett.

218 4622 278 4675 lent.
311 4622 395 4673 Possis
406 4638 502 4688 qnoque
515 4626 635 4688 ponisqm
647 4623 730 4671 Lusit
740 4637 780 4671 ac·
813 4622 865 4687 stiffi
903 4626 930 4680 ἐ,
940 4637 1013 4687 quem
1030 4620 1129 4687 quidem
1139 4622 1266 4671 lectionem
1283 4629 1376 4685 spectat

217 4686 297 4754 cipere
307 4687 334 4737 in
344 4702 416 4737 sensu
427 4688 522 4817 prJrio
531 4688 562 4737 de
572 4696 645 4753 petre,
658 4686 701 4816 qui
712 4694 781 4737 nslos
814 4686 878 4736 Scho
890 4722 897 4737 .
907 4688 977 4745 Aen,
995 4686 1049 4735 Non
1058 4690 1118 4751 quod
1127 4688 1215 4735 luteum
1228 4685 1298 4748 sopiit
1309 4687 1375 4735 bobes

476 4752 663 4817 Mutlersprselse
681 4786 688 4808 ‚
710 4752 735 4807 b.
757 4767 780 4807 e.
815 4752 918 4819 Rhenus,
933 4754 971 4801 scd
988 4754 1048 4816 quod
1063 4752 1152 4801 intents
1161 4750 1228 4815 facit
1243 4748 1374 4815 (diffingit)

775 4834 790 4865 Α
805 4832 820 4873 ἢ

216 4750 301 4819 petrin
325 4752 435 4818 linguens
