3659 5892
620 535 785 603 LIBER
808 535 871 614 lV,
894 539 926 602 2.

412 691 531 758 Fervet
545 691 788 774 immensusque
803 689 868 754 ruit
883 687 1048 774 profundo

719 791 883 856 Pindarus
898 813 972 856 ore:

416 896 545 961 Laurea
560 895 732 960 donandus
747 891 943 978 Apollinari,

352 1000 394 1063 10
415 999 482 1064 Seu
496 1021 557 1084 per
571 998 714 1063 audaces
728 1017 812 1062 nova
827 994 1051 1080 dithyrambos

415 1101 528 1166 Verba
541 1098 695 1176 devolvit,
710 1097 918 1182 numerisque
933 1095 1038 1162 fertur

718 1200 809 1286 Lege
825 1197 941 1265 solutis
954 1223 962 1264 ε

411 1307 478 1372 Seu
494 1306 598 1382 Deos,
614 1325 750 1389 regesve
766 1304 865 1380 canit,
879 1301 1029 1366 Deormn

414 1409 625 1494 Sanguinem,
640 1427 701 1491 per
715 1427 798 1490 quos
813 1405 963 1470 cecidere
973 1405 1065 1490 justa

354 1512 394 1574 15
416 1510 527 1576 Morte
543 1508 711 1586 Centauri,
727 1506 846 1572 cecidit
861 1506 1039 1572 tremendae

717 1609 861 1674 Flamma
875 1608 1064 1675 Chimaerae:

415 1715 503 1792 Sive,
518 1736 601 1799 quos
617 1713 701 1779 Elea
716 1711 848 1778 domum
862 1712 990 1778 reducit

196 1898 414 1949 timPindaricmu
424 1899 507 1966 rapido
518 1909 620 1951 torrente
631 1913 756 1966 compara-
790 1913 875 1963 genere
886 1913 1003 1948 sammua.
1029 1899 1068 1948 Ex
1079 1897 1131 1966 ipso
1143 1903 1223 1948 antem
1233 1897 1280 1948 boc
1290 1899 1352 1959 loco,

196 1964 244 2013 tior
263 1965 320 2014 bine
334 1965 446 2014 consulto
464 1976 534 2032 poeta
550 1967 576 2015 in
594 1981 665 2015 versu
681 1963 757 2030 primo
789 1963 994 2028 queloerintilla
1003 1963 1137 2012 carminum
1236 1963 1350 2030 ,inquo-

196 2027 259 2076 dixit
278 2030 411 2078 Pindarum
428 2033 552 2090 crrrrduri,⁸
576 2045 633 2088 non,
650 2030 681 2079 ad
698 2029 757 2079 Pin·
789 2027 1121 2140 romquoqnePindaroser
1169 2028 1353 2094 neritcognos·

196 2092 281 2141 darum
292 2093 319 2141 in
329 2094 378 2142 alto
392 2094 512 2144 volantem
528 2096 597 2152 eniri,
631 2095 679 2143 uod
699 2094 756 2150 lere,
789 2107 843 2142 cere
870 2093 935 2152 icet;
956 2092 1080 2159 scripamse
1095 2108 1181 2158 nempe
1195 2091 1266 2141 illum
1283 2094 1355 2145 refert

196 2157 488 2208 siadPinden'rolatnm
499 2175 580 2211 accam
638 2159 757 2209 arevalu-
793 2157 815 2206 l.
829 2157 1001 2222 Dr'tlyramboe,
1017 2159 1043 2206 2.
1056 2157 1153 2206 Pennas
1167 2173 1188 2206 a.
1204 2157 1314 2222 Hymnos
1327 2167 1353 2208 et

196 2222 401 2296 issetexemplum
413 2223 486 2280 icari,
500 2225 630 2292 exprimere
646 2224 672 2273 in
689 2239 759 2272 vanu
791 2222 916 2277 Encomia,
934 2223 959 2271 3.
975 2221 1085 2300 ξρὶιιξοία
1101 2238 1122 2271 a.
1139 2221 1222 2302 lpudes
1238 2221 1351 2298 Hieroni·

196 2302 277 2400 puin-l
298 2387 305 2400 .
317 2288 527 2401 dlamlildlddassm
536 2353 599 2401 uelut
609 2355 692 2407 oman,
701 2359 759 2401 cett.
790 2286 1254 2462 qqrqnppstkgiilppiqdmqunmcmq
1263 2289 1353 2403 (illidii

196 2415 353 2479 ingeniorum
363 2417 468 2474 ubertas,
479 2417 518 2466 vel
529 2416 642 2465 orationis
652 2416 724 2482 eopia
733 2426 758 2466 et
790 2431 852 2480 sepe
866 2416 918 2480 jam
951 2415 1062 2465 oluerunt
1079 2431 1220 2481 semperque
1236 2414 1353 2466 dolebunt

195 2480 355 2537 abundantia,
372 2481 460 2546 passim
478 2481 574 2546 quidem
592 2497 646 2530 cum
656 2483 759 2546 flumine
790 2488 895 2529 veterum
913 2480 1036 2529 literarum
1053 2479 1216 2530 caumatorcs.
1258 2481 1353 2531 laurea

195 2558 249 2591 com
310 2545 329 2592 ri
358 2545 420 2595 solet
440 2546 565 2612 (exempla
584 2555 632 2595 tem
655 2561 684 2594 er
707 2545 759 2612 ipso
791 2545 924 2607 Apollinari
933 2545 999 2609 (pro,
1010 2547 1163 2608 Apollineal:
1176 2544 1227 2612 ipse
1238 2545 1352 2596 Horatiae

196 2607 228 2656 Pi
262 2620 305 2657 aro
327 2625 399 2676 quam
421 2625 452 2659 ex
471 2609 526 2658 aliia
543 2611 619 2674 poetis
638 2609 760 2675 depromta
791 2625 845 2674 sup.
858 2607 946 2666 iii,³0,
960 2611 999 2664 lb,
1013 2609 1125 2672 Delphica
1142 2612 1209 2658 tauro
1223 2625 1239 2658 a
1254 2610 1350 2676 Melpn

195 2671 247 2720 vid.
259 2672 324 2738 apud
335 2674 460 2737 liliteclt.);
472 2674 514 2723 sed
523 2674 636 2724 Horatius
643 2673 708 2723 baud
716 2689 758 2724 sc·
790 2689 860 2723 mene
871 2673 910 2722 cin
928 2672 934 2682 '
946 2673 1023 2740 cupit.
1050 2673 1097 2723 Per
1112 2677 1210 2722 audaces
1219 2676 1350 2748 ditlpm-

195 2737 413 2800 quieseeusinbac
421 2739 757 2813 rnlgaricomparotione,im·
791 2740 835 2786 tn.
870 2689 1034 2802 vitiarentur
1044 2737 1070 2786 in
1081 2739 1156 2787 sacris
1166 2737 1295 2787 Bacchicrs
1332 2739 1351 2779 '-

255 2818 279 2849 rn
290 2803 360 2851 illurn
377 2819 425 2868 quo
443 2803 563 2852 Prndarus
581 2803 637 2861 ruit,
652 2803 690 2852 vel
706 2819 758 2853 ver-
791 2817 858 2851 muna
876 2805 907 2852 ab
925 2801 1071 2859 horninibus,
1088 2802 1166 2852 lurore
1182 2802 1286 2877 percitis,
1302 2755 1352 2854 lile

196 2811 282 2914 mrim
297 2865 394 2915 illorum
410 2883 440 2916 ar
455 2867 572 2934 profundo
588 2868 641 2932 ejus
652 2883 692 2917 ore
703 2884 758 2934 pro-
808 2866 894 2918 nodam
905 2875 980 2915 cantu
994 2866 1108 2932 jactatos,
1119 2876 1143 2916 et
1156 2866 1242 2916 derude
1252 2883 1268 2915 a
1278 2869 1351 2926 Laso,

195 2931 356 3004 rumpentium
364 2932 414 2980 rim
425 2941 450 2981 et
458 2949 487 2981 co
505 2933 759 2996 iam,rnpidotorrenti
791 2883 891 2980 lindari
910 2940 1063 2998 preceptore,
1081 2929 1190 2988 cultiore,
1206 2939 1234 2980 ut
1251 2931 1351 2991 videtur,

195 3004 338 3060 aequiparat.
371 2996 469 3060 Junge:
488 2949 759 3063 l’r'nfflmsmeMm·
791 2997 876 3052 forma,
893 2996 920 3044 in
938 3010 1035 3045 scenam
1054 2996 1200 3045 introductos
1215 3011 1275 3053 ease,
1292 2999 1352 3046 sads

196 3075 330 3123 murusque
344 3076 382 3108 ore
396 3062 514 3126 profundo
528 3063 588 3117 ruit,
602 3065 664 3110 velut
675 3065 758 3120 amab,
792 3061 890 3126 quidem
903 3067 1014 3120 comat,
1030 3061 1073 3109 sed
1083 3075 1138 3109 curn
1150 3061 1255 3126 perfecta
1269 3061 1350 3128 ditty·

195 3127 559 3188 meiradecurreas,quemcett.
592 3127 683 3184 Favet,
697 3127 720 3175 b.
733 3141 755 3175 e.
788 3127 924 3174 ramborum
938 3125 1048 3198 exempla
1063 3135 1158 3192 tempus
1171 3125 1240 3174 nobis
1256 3124 1349 3176 invide·

195 3185 287 3236 fervore
297 3188 340 3236 illo
351 3197 376 3237 et
387 3197 457 3246 estu,
472 3206 521 3255 quo
536 3198 613 3256 poetae
630 3190 715 3257 corripi
732 3199 756 3239 et
788 3191 826 3248 rit,
847 3188 878 3240 de
897 3189 1013 3254 peculiari
1029 3205 1111 3239 eorum
1128 3198 1215 3238 natura
1232 3199 1258 3239 et
1274 3190 1350 3240 forma

226 3251 281 3300 'tari
299 3253 386 3310 solent,
406 3253 554 3314 concitatur,
579 3255 756 3304 accommodate
788 3255 849 3303 nibil
859 3255 918 3303 certi
929 3253 1003 3302 statui
1013 3261 1099 3320 potest.
1132 3253 1349 3317 Regnasseinboc

248 3333 346 3373 amnem,
370 3317 413 3383 qui
440 3319 602 3369 vehementius
624 3329 757 3368 commotus
789 3318 923 3369 caminum
937 3334 1023 3383 genere
1037 3335 1090 3368 eam
1105 3318 1214 3385 inprimit
1228 3319 1350 3369 licentiam

194 3381 759 3513 t'ttltl‘tttt‘¹t',tttllttt³litt
790 3382 1351 3515 ilrildiffiailsslimriliwfftliili

194 3508 330 3573 Iugarium.
347 3509 513 3574 immensusque
524 3513 687 3578 perpendens
697 3515 758 3561 ruit:
791 3513 844 3570 illa,
861 3527 916 3576 quie
936 3513 997 3560 alias
1013 3521 1136 3576 poetarum
1152 3512 1267 3578 impetum
1284 3528 1350 3561 coer·

194 3573 326 3633 Pindanrs,
339 3574 572 3642 cuiosprojirnrlum,
585 3577 665 3642 στόμα
680 3577 755 3640 βαθὺ,
788 3586 852 3632 cent,
876 3593 901 3626 se
922 3583 1097 3641 componerent,
1116 3577 1159 3625 sed
1173 3592 1289 3626 numeros
1308 3593 1351 3644 pro

195 3637 221 3686 b.
230 3653 253 3686 e.
265 3654 293 3686 os
304 3655 318 3688 e
330 3655 388 3704 quo,
398 3648 514 3704 tanquam
525 3656 539 3689 e
551 3641 616 3690 sonte
627 3641 755 3698 uberrimo,
789 3641 869 3692 lubitu
881 3649 1002 3689 motarent
1013 3641 1084 3705 (hino
1100 3641 1290 3705 nameriafertur
1301 3644 1350 3708 lege

194 3704 303 3775 ι’πιφοιιεα
321 3705 446 3752 verborum
465 3705 683 3772 sententiarumque
703 3722 756 3771 pro·
788 3707 896 3768 solutis),
908 3714 933 3754 et
944 3705 975 3752 ab
986 3721 1035 3753 uno
1050 3706 1081 3755 ad
1095 3705 1161 3754 aliud
1177 3721 1290 3754 versuum
1339 3733 1350 3744 ·

195 3767 250 3814 flurt
266 3766 345 3833 copia,
355 3767 476 3827 tribuitur,
487 3769 538 3834 ipse
552 3770 704 3836 exquisitiore
718 3787 756 3820 ra·
790 3785 836 3820 nus
847 3769 1010 3829 transilirent3
1027 3769 1051 3819 id
1061 3787 1092 3820 er
1102 3770 1147 3817 boc
1161 3769 1214 3834 ipso
1227 3769 1281 3818 loco
1298 3721 1350 3819 lid-

193 3831 261 3880 tione
277 3835 398 3880 inmensus
418 3833 535 3899 masnada
557 3851 595 3883 ora
611 3851 678 3884 mere
693 3834 752 3883 dici·
788 3835 881 3884 rstiano
901 3834 1014 3898 colligere
1032 3834 1098 3884 licet.
1132 3835 1188 3900 lpse
1200 3833 1314 3883 Horatius
1325 3834 1350 3885 in

194 3901 234 3942 tur
246 3913 254 3954 ς
284 3899 345 3952 ruit,
369 3895 492 3954 exuberat,
532 3913 608 3946 rorum
627 3900 665 3946 'tr
698 3915 755 3948 cum
787 3898 882 3947 duobus
894 3899 945 3947 illis
954 3897 1142 3948 canninibusad
1157 3898 1284 3947 Bacchum
1295 3915 1351 3966 sup.

195 3959 297 4008 Pindari
305 3977 348 4034 .⁰'.‘
363 3961 480 4026 prqfuado
491 3915 531 4012 cl
544 3963 616 4012 Mitte
636 3991 642 4012 ι
658 3979 754 4029 compa-
787 3964 815 4018 ii,
831 3965 869 4012 19.
878 3963 914 4020 iii,
923 3965 965 4017 25,
975 3964 1102 4030 concipere
1113 3961 1210 4028 quidem
1220 3961 1351 4028 dithyram-

193 4033 232 4072 rat
244 4025 338 4074 Cratrnr
348 4025 444 4088 Fragm.
455 4042 470 4074 a
487 4026 520 4074 ud
534 4027 602 4076 Suid.
615 4045 637 4075 v.
649 4027 756 4078 Aodcsd-
788 4027 837 4076 bici
852 4035 929 4102 poetae
945 4026 1054 4092 spiritum
1064 4036 1155 4087 tentat;
1173 4027 1215 4076 sed
1226 4029 1296 4076 ambo
1307 4027 1352 4078 illa

193 4105 303 4154 κρουνον
315 4089 404 4154 στόμα·
415 4089 448 4138 cf.
473 4091 557 4138 'ellim
570 4093 661 4156 Hymn.
674 4093 757 4158 Apoll.
790 4107 897 4142 carmina
908 4092 939 4139 ab
950 4099 1047 4140 externa
1057 4090 1224 4157 dithyrambici
1237 4093 1351 4142 carminis

196 4153 254 4202 1⁰6.
297 4154 383 4202 Imbres
411 4155 483 4207 Quem
501 4171 570 4217 super
593 4167 658 4205 notor
680 4159 759 4206 oluere
791 4156 949 4220 lormalonge
964 4156 1072 4206 recedere
1086 4157 1204 4206 videntur.
1238 4157 1350 4207 Ceterum

193 4221 266 4279 ripas,
290 4218 401 4282 elegante
423 4219 538 4267 brevitate
567 4235 617 4286 pro,
641 4221 683 4286 qui
709 4237 758 4270 non
791 4221 821 4270 de
829 4222 982 4284 dithyrambis
991 4221 1180 4270 Pindos-leiwid.
1188 4221 1350 4271 Celsclmei-

194 4283 302 4347 capiens,
323 4282 413 4347 quibus
435 4297 477 4348 per
499 4283 586 4332 imbres
609 4293 693 4334 auctus
713 4295 759 4344 eat,
792 4285 842 4334 deri
861 4284 972 4334 Veraucb
992 4285 1050 4335 iiber
1071 4286 1174 4335 Pindars
1195 4285 1278 4334 laben
1300 4285 1351 4336 und

194 4361 278 4410 aquas,
288 4347 463 4412 superalrenm
472 4347 511 4395 vel
519 4348 599 4412 justas
607 4350 670 4415 ripas
678 4349 756 4398 effun·
789 4349 908 4398 Schriften
917 4365 942 4416 p.
950 4350 992 4397 20.
1010 4349 1077 4398 Nova
1088 4350 1168 4407 Verbo,
1177 4349 1284 4414 intellige
1291 4366 1353 4400 nova

193 4409 275 4472 ditur;
293 4413 354 4466 siva,
366 4425 439 4474 quern
451 4411 539 4461 imbres
556 4421 757 4478 tentamentum
790 4413 962 4464 santemianrm
973 4413 1072 4472 lumina,
1084 4431 1145 4464 noea
1156 4415 1246 4464 effictas
1254 4415 1351 4478 grandi-

193 4489 222 4522 co
240 4475 262 4522 'a
279 4476 448 4540 impleverunt,
468 4484 495 4524 ut
511 4492 582 4544 snper
596 4477 679 4526 solitas
694 4479 758 4545 ripas
790 4494 902 4528 sonorum
918 4478 1042 4527 verborum
1058 4478 1186 4539 formulas3
1197 4479 1245 4534 vel,
1259 4487 1353 4545 utsup.

192 4491 369 4589 adlrlnderetur:
388 4549 462 4596 notus,
480 4540 568 4606 quibua
585 4542 664 4592 adbuc
681 4543 758 4594 amnis
789 4541 824 4602 iii,
836 4544 905 4601 25,7
926 4542 1040 4591 llomtins
1057 4545 1172 4610 loquitur,
1189 4546 1300 4598 recentia,
1313 4546 1352 4590 in·

192 4604 369 4653 continebatur.
789 4611 853 4657 dicta
870 4609 947 4656 adhuc
962 4624 1001 4656 ore
1016 4610 1073 4658 olio.
1108 4609 1222 4664 Devolvit,
1243 4609 1352 4674 apposite

221 4670 315 4718 9-12.
347 4669 441 4718 laurea
467 4671 589 4718 mnundm
615 4673 756 4734 Apollinari,
791 4672 1120 4739 adtorrentis,cnmimpetu
1139 4675 1227 4722 fluctus
1243 4675 1352 4721 suosde·

188 4743 244 4783 cett.
257 4733 390 4790 Pindarus,
403 4741 474 4799 poeta
485 4733 510 4782 in
525 4734 608 4799 quovis
626 4736 757 4786 carminum
790 4741 907 4796 uruloensis,
920 4736 1058 4800 imaginem.
