3659 5892
584 555 772 619 Honn'ffl
795 557 961 618 METRA.
1266 562 1351 621 xxvii

207 702 253 760 19.
285 699 394 762 Versus
409 701 610 763 Archilochius
623 705 722 783 major.

317 817 446 1044 Solvitur
458 985 539 1044 ocris
551 814 650 1064 diseno
660 995 750 1064 grata
765 988 826 1046 vice
838 988 916 1046 ocris
927 995 954 1046 et
968 987 1090 1047 Fauoni.
1130 989 1151 1058 i,
1164 987 1195 1059 4,
1210 989 1236 1047 1.

284 1079 330 1138 Ex
343 1079 454 1140 duobus
466 1081 640 1158 oompositus
652 1091 697 1140 est
710 1081 847 1140 membris
860 1081 921 1142 sive
934 1088 1031 1154 κόλοις,
1043 1081 1181 1142 nimimm

321 1195 349 1243 a,
362 1195 398 1234 ex
411 1194 496 1234 versu
510 1174 663 1234 Alemanio
674 1177 769 1254 (num.
787 1174 848 1248 16),

322 1270 352 1338 b,
366 1289 402 1328 ex
415 1289 500 1328 versu
515 1269 710 1349 ithypholiieo
724 1268 818 1344 (uum.
832 1270 876 1349 4).

285 1365 376 1423 Graeci
389 1364 506 1442 quidem
520 1367 572 1425 hos
591 1365 635 1424 ita
651 1365 793 1444 jungunt,
807 1375 841 1425 ut
855 1365 960 1424 ultima
978 1364 1088 1444 syllaba
1105 1367 1226 1426 membri
1239 1367 1351 1446 prioris,

284 1458 402 1536 perinde
415 1459 498 1538 quasi
510 1460 658 1538 integrum
671 1459 787 1519 claudat
800 1479 926 1529 versum,
939 1471 971 1519 et
989 1460 1083 1520 brevis
1103 1471 1135 1520 et
1147 1459 1233 1541 longa
1245 1481 1308 1522 esse
1320 1472 1352 1521 et

283 1553 393 1612 hiatum
407 1575 520 1632 quoque
541 1556 651 1616 efficere
669 1566 765 1634 queat.
806 1553 915 1614 Contra
929 1554 1070 1614 Horatius
1082 1575 1136 1615 nee
1149 1555 1253 1635 pedem
1265 1557 1352 1616 creti·

284 1667 348 1706 cum
360 1649 413 1669 '⁹'
427 1669 522 1727 neque
543 1649 700 1728 spondeum
721 1650 751 1707 in
771 1659 874 1728 quarto
891 1648 954 1708 loeo
969 1648 1066 1726 posuit
1078 1669 1172 1728 nequo
1184 1650 1269 1710 biatu
1281 1671 1352 1711 usus

283 1753 345 1812 est3
370 1743 491 1822 ideoque
513 1745 567 1803 hoe
592 1755 717 1804 metrum
744 1743 937 1803 Horatianunr
963 1764 982 1803 a
1006 1744 1194 1822 subsequenti
1215 1765 1350 1804 versuum

282 1857 386 1912 genere
409 1849 648 1917 asynartetorum‚
672 1839 749 1898 inter
772 1859 842 1917 quoe
864 1836 1010 1898 numerari
1032 1837 1116 1908 solet,
1137 1837 1351 1900 excludendum

283 1929 406 1991 videtur.

284 2026 337 2085 Est
351 2027 382 2087 in
395 2037 487 2085 metro
500 2027 549 2086 rii.

611 2185 631 2242 f.
656 2184 949 2264 Versusasynarteti.

282 2311 394 2372 Versus
407 2313 564 2390 asyuarteti
574 2311 778 2393 (ἀπήρτηται)
789 2334 812 2374 s.
823 2312 978 2373 insonnexi
987 2313 1173 2398 nominentur
1182 2311 1233 2390 qui
1242 2309 1353 2373 duobus

207 2419 255 2466 aut
267 2407 400 2486 pluribus
416 2409 552 2467 membris
569 2419 712 2479 onustant,
726 2429 791 2488 quse
803 2422 900 2468 umen
914 2409 992 2467 inter
1003 2427 1036 2468 se
1050 2427 1107 2466 uon
1119 2408 1213 2485 magis
1224 2427 1354 2468 connexa
1443 2488 1447 2498 ¹

206 2513 272 2561 sunt
290 2523 376 2582 quam
390 2525 490 2564 versus
511 2523 575 2564 oum
590 2523 683 2564 versu.
724 2504 874 2582 Cujusque
887 2502 978 2582 igitur
990 2501 1113 2560 membri
1125 2501 1231 2560 ultima
1241 2501 1354 2580 syllaba

207 2595 303 2655 eodem
318 2598 395 2674 jure,
409 2619 443 2657 ao
455 2599 480 2658 si
493 2609 569 2658 esset
583 2598 688 2658 ultima
700 2617 809 2666 versus,
822 2607 854 2658 et
866 2596 953 2674 longa
964 2606 996 2654 et
1009 2593 1105 2654 brevis
1116 2613 1179 2654 esse
1190 2606 1288 2674 potest
1300 2616 1352 2657 ne-

206 2710 259 2768 que
280 2691 409 2750 eliditur.
451 2691 518 2752 Hoc
530 2712 666 2753 versuum
686 2711 778 2770 genus
798 2691 944 2750 invenisse
956 2687 1148 2748 Archilochus
1165 2688 1282 2751 dieitur.
1321 2693 1352 2752 A
1376 2729 1381 2738 =

206 2785 304 2846 multis
327 2785 443 2846 Horatii
465 2787 623 2847 editoribus
641 2785 749 2866 singuli
763 2805 863 2846 versus
883 2787 915 2844 in
935 2785 1018 2845 binos
1038 2783 1209 2843 dividuntur
1227 2784 1301 2856 illos,
1315 2807 1352 2846 ex

206 2881 308 2958 quibus
329 2880 479 2958 compositi
494 2891 573 2940 suut.
615 2881 657 2940 Et
669 2900 748 2950 sane,
763 2891 797 2940 ut
811 2880 959 2940 Gesnerus
969 2879 1112 2948 observat,
1125 2878 1353 2940 commodissima

206 2986 278 3033 esset
301 2973 415 3034 divisio.
456 2975 514 3036 Sed
541 2977 645 3035 acriter
665 2995 717 3054 pro
737 2995 837 3034 versus
863 2974 1032 3052 integritate
1053 2982 1165 3050 pugnat
1188 2972 1351 3046 Bentleius,

207 3067 420 3147 Hepbmstionis
431 3069 610 3148 aliorumque
619 3069 877 3129 Grammaticorum
891 3067 1062 3128 auctoritate
1071 3067 1173 3127 fretus
1214 3068 1262 3128 cf.
1271 3089 1352 3129 num.

206 3163 387 3224 antecedens.
427 3164 476 3223 Ex
492 3163 614 3223 Horatio
626 3165 684 3222 buo
696 3163 862 3243 pertinent:

207 3257 252 3316 20.
282 3256 394 3318 Versus
407 3258 596 3337 elegiumbua‚
612 3257 786 3336 compositus
806 3276 911 3334 nempe
932 3275 970 3315 ex
990 3254 1108 3333 elegiaci
1122 3275 1222 3316 versus
1234 3257 1353 3318 dimidio

281 3373 305 3411 s.
326 3351 550 3430 penthemimeri
572 3351 714 3430 daotylica
736 3350 831 3424 (num.
855 3349 907 3426 14)
929 3361 960 3410 et
980 3369 1065 3410 versu
1088 3351 1209 3412 iambioo
1229 3352 1352 3414 dimetro

278 3445 439 3522 'amtoleoto
453 3444 547 3520 (num.
561 3445 606 3524 2).

283 3727 404 3786 Desinet
418 3728 576 3805 imparibus
588 3565 856 3788 certardsubmotus
867 3728 973 3804 pudor.
1013 3727 1107 3806 Epod
1124 3728 1170 3798 ll,
1187 3729 1233 3792 18.

284 3822 390 3880 Libera
404 3821 525 3880 consilia
539 3841 590 3880 neo
603 3822 779 3882 contumelio:
789 3842 905 3902 paves.
947 3821 1042 3900 Epod.
1057 3822 1104 3892 ll,
1118 3823 1166 3882 26.

283 3915 409 3975 lnockio
416 3917 525 3993 furere
537 3917 621 3975 siluis
633 3917 764 3976 beatorem
779 3918 893 3976 decutit.
934 3915 1026 3995 Epod.
1041 3915 1088 3986 ll,
1102 3916 1131 3976 6.

283 4011 454 4070 Fervidiore
465 4031 542 4070 mero
555 4031 666 4070 arcana
675 4021 823 4088 promorat
838 4013 898 4071 looo
914 4010 996 4085 (eum
1008 4012 1116 4088 hiatu).

336 4170 339 4178 ,
1090 4105 1184 4187 Epod.
1199 4108 1248 4180 11,
1264 4109 1309 4170 14.

282 4199 339 4260 Est
352 4200 384 4260 in
397 4210 492 4260 metro
504 4201 544 4258 xi.

187 4295 250 4354 ul.
281 4295 393 4356 Versus
415 4294 594 4373 iambelegos
614 4295 787 4373 proeoedenti
810 4293 923 4366 similis,
944 4295 999 4355 nisi
1020 4295 1098 4374 quod
1118 4295 1232 4358 inverso
1251 4299 1351 4360 ordine

280 4392 444 4451 membrum
457 4390 609 4449 iambicum
625 4389 760 4468 presedit
772 4403 803 4449 et
816 4388 975 4467 elegiacum
988 4390 1182 4469 subsequitur.

246 4501 283 4522 ν-
323 4502 360 4523 ν-
414 4499 453 4522 ν·
502 4499 538 4520 ν·
601 4499 839 4587 *Uul-§Wl-

245 4593 281 4606 n·
385 4499 578 4671 ¹⁸¹·in

246 4672 290 4733 Tu
305 4675 373 4732 vina
394 4669 542 4748 Torquato
555 4689 632 4731 mooe
645 4672 761 4730 consule
769 4691 872 4748 pressa
886 4690 954 4732 meo.
995 4670 1091 4750 Epod.
1107 4669 1154 4740 1³,
1167 4671 1213 4730 16.
