3659 5892
910 565 1134 632 EPODON

618 720 665 785 Et
680 721 785 785 otiosa
800 720 942 785 credidit
956 719 1128 805 Neapolis,

745 822 792 887 Et
801 822 900 887 'omne
915 824 1055 887 vicinum
1070 822 1244 908 oppidum:

552 926 596 989 45
617 926 704 1000 Quas
719 925 828 991 sidera
842 935 1016 991 excantata
1030 948 1108 989 voce
1123 924 1296 1002 Thessala,

749 1027 942 1112 Lunamque
957 1026 1041 1092 coelo
1057 1026 1187 1111 deripit.

619 1130 685 1196 Hic
699 1132 888 1196 irresectum
905 1152 991 1194 saeva
1006 1129 1104 1194 dente
1118 1129 1218 1195 livido

745 1232 885 1297 Canidia
900 1232 1019 1297 rodens
1033 1231 1194 1317 pollicem,

619 1334 711 1408 Quid
725 1335 830 1399 dixit?
853 1344 910 1399 aut
925 1332 1005 1418 quid
1020 1335 1144 1398 tacuit?
1181 1333 1213 1397 Ο
1228 1334 1328 1397 rebus
1341 1330 1423 1397 meis

533 1436 575 1501 50
724 1436 804 1502 Non
819 1435 968 1501 infideles
982 1437 1125 1513 arbitrae,

618 1539 709 1619 Nox,
725 1552 759 1606 et
773 1540 892 1617 Diana,
909 1561 984 1624 quae
998 1538 1159 1603 silentium
1173 1538 1272 1623 regis,

748 1639 880 1708 Arcana
895 1664 997 1725 quum
1010 1640 1094 1705 fiunt
1110 1663 1212 1718 sacra,

618 1744 730 1823 Nunc,
747 1766 833 1809 nunc
848 1744 980 1822 adeste,
1002 1766 1088 1807 nunc
1104 1743 1136 1807 in
1151 1742 1286 1808 hostiles
1302 1742 1416 1808 domos

747 1846 833 1911 Iram
848 1858 946 1930 atque
961 1869 1079 1911 numen
1094 1847 1220 1911 vertite.

555 1951 597 2015 55
618 1949 851 2015 Formidolosae
866 1950 944 2014 dum
956 1948 1060 2014 latent
1074 1949 1161 2014 silvis
1176 1949 1266 2025 ferae,

748 2052 849 2119 Dulci
865 2075 983 2137 sopore
997 2052 1172 2137 languidae,

619 2155 749 2233 Senem,
764 2155 854 2240 quod
869 2178 980 2220 omnes
995 2156 1134 2232 rideant,
1150 2154 1332 2220 adulterum

752 2257 890 2323 Latrent
906 2258 1089 2322 Suburanae
1104 2281 1212 2336 canes,

621 2358 739 2425 Nardo
753 2372 959 2445 perunctum,
976 2359 1071 2444 quale
1085 2383 1151 2423 non
1164 2359 1342 2445 perfectius

555 2463 600 2527 60
750 2461 839 2527 Meae
852 2463 1032 2529 laborarint
1046 2484 1216 2527 manus.—

449 2646 565 2761 atel
586 2646 1010 2772 attrectaretur
1042 2643 1605 2761 :aestuarentments

449 2779 559 2825 deducere
571 2776 671 2831 Lunam,
684 2775 725 2823 ubi
743 2776 794 2824 inse
810 2774 841 2824 de
857 2775 902 2824 hac
919 2790 945 2823 re
961 2776 1010 2838 egit
1042 2778 1120 2823 domus
1142 2774 1207 2823 band
1228 2774 1300 2824 dubie
1316 2773 1393 2823 intelli
1425 2774 1479 2823 ndae
1494 2784 1553 2824 sunt
1568 2792 1604 2826 ere

450 2841 537 2891 Cerda.
1042 2856 1097 2904 que
1107 2839 1154 2905 ipsi
1165 2840 1276 2889 Canidia
1285 2839 1379 2888 intesta
1416 2849 1501 2899 eruut,
1520 2841 1604 2888 malim

482 2906 588 2954 47-54.
609 2904 656 2952 Hic
673 2906 804 2952 irresectam
821 2920 879 2953 soso
895 2904 963 2952 dente
980 2905 1010 2951 li·
1042 2903 1114 2967 igitur
1122 2904 1152 2953 de
1160 2904 1331 2959 meretricibus,
1339 2919 1394 2967 quae
1401 2905 1605 2954 VarnmaCaui·

449 2972 502 3017 viclo
521 2970 620 3018 Canidia
638 2972 719 3017 rodem
736 2970 854 3031 pollicem:
874 2984 905 3016 en
920 2968 1010 3017 stadam
1042 2968 1089 3017 dias
1100 2968 1252 3034 amplexibus
1263 2984 1327 3017 nunc
1336 2968 1476 3025 detinerent,
1484 2968 1598 3032 cogitare.

449 3034 553 3100 corporis
571 3032 715 3098 spurcitiem,
730 3048 780 3108 qua
796 3032 901 3082 Canidia
915 3048 1011 3082 carmen
1075 3036 1181 3083 55-60.
1203 3035 1361 3082 Formidoton
1378 3036 1434 3080 durs
1451 3035 1524 3081 locent
1540 3036 1605 3082 silvis

450 3098 570 3162 magicum
590 3097 720 3146 decantans
742 3097 877 3147 inducitur!
913 3098 1011 3146 irresec-
1036 3098 1108 3163 fera,
1119 3107 1176 3147 cett.
1190 3100 1313 3163 vulgarem
1330 3096 1480 3155 sententiam,
1499 3098 1605 3147 “addu-

451 3173 500 3211 tum
512 3164 628 3227 pollicem:
647 3162 726 3211 Furia
739 3178 844 3227 quoque,
857 3178 959 3228 quanam
969 3178 1011 3211 ex·
1044 3161 1091 3211 cite
1108 3162 1167 3211 mibi
1185 3179 1267 3213 senem
1283 3178 1299 3210 a
1316 3161 1479 3211 meretricibus
1497 3163 1604 3211 Subura·

451 3238 544 3277 ternum
556 3226 666 3275 habitum
676 3226 789 3276 veneficis
804 3226 909 3276 induunt
926 3234 1011 3291 poete,
1044 3226 1108 3284 nis‚''
1125 3227 1160 3276 ita
1169 3228 1252 3277 effert:
1270 3227 1349 3283 facite,
1361 3240 1452 3291 queso,
1466 3243 1481 3275 ο
1494 3227 1565 3283 Dea,
1577 3238 1606 3278 ut

451 3310 539 3356 ωιςιιιι
566 3294 681 3341 irresectos
707 3302 801 3355 gerunt,
829 3291 865 3340 nti
892 3291 1012 3355 depictam
1045 3290 1124 3341 media
1141 3302 1213 3342 nocte
1230 3294 1332 3348 Varum,
1353 3290 1434 3349 nardo,
1451 3306 1500 3356 quo
1518 3292 1606 3342 melius

450 3371 531 3405 earnm
553 3372 627 3404 unam
646 3356 715 3403 nobis
733 3355 799 3405 dedit
817 3356 969 3421 Boettigerus
987 3355 1012 3405 in
1044 3362 1070 3404 et
1088 3356 1215 3422 perfectius
1234 3373 1279 3421 ego
1298 3371 1422 3420 nunquam
1442 3354 1501 3404 mibi
1521 3357 1605 3406 coule-

451 3420 1010 3549 lttttlttlrlll‘tltlt<lltmtr
1044 3420 1389 3552 ἓὸἙηῖἓῗέὅιΡὲῗιὶἳίἓῗίί
1405 3421 1538 3551 ittet
1552 3422 1607 3535 {¹43⁰

451 3552 511 3608 vido,
539 3550 628 3608 lurido,¹
648 3551 747 3607 carioso,
770 3550 855 3614 quales
878 3551 1012 3599 vetularum
1044 3566 1087 3599 nes
1103 3551 1177 3599 risum
1192 3552 1287 3608 tollant,
1306 3549 1444 3599 redeuntem
1460 3565 1606 3616 persequan-

451 3613 596 3665 dentesesse
609 3614 695 3663 solent.
730 3617 793 3668 Quid
805 3616 881 3662 diris?
897 3625 940 3662 ont
955 3618 1012 3677 quid
1043 3623 1090 3663 tur.
1122 3616 1250 3664 Suburana
1269 3631 1343 3671 cases,
1362 3613 1388 3662 iu
1405 3612 1460 3663 rico
1478 3614 1542 3663 euim
1560 3618 1607 3663 Su·

453 3683 544 3727 tacuit?
566 3678 669 3729 nefanda
685 3695 788 3745 quaeque
805 3678 875 3728 effata
892 3685 917 3727 et
932 3680 1011 3744 palam
1044 3681 1112 3734 baro,
1124 3696 1144 3729 s.
1159 3680 1274 3738 Saburra,
1290 3679 1406 3745 nequitias
1420 3695 1471 3728 sne
1486 3679 1607 3731 officinam

451 3743 556 3809 professa
570 3751 614 3800 est,
631 3744 697 3810 qnod
715 3744 809 3809 gravius
825 3758 866 3809 per
882 3743 969 3792 interro
1002 3772 1012 3783 ·
1044 3743 1166 3794 habebant
1187 3744 1337 3805 meretricem
1361 3743 1419 3792 hinc
1445 3744 1510 3809 apud
1530 3745 1607 3795 Mart.

452 3808 540 3857 tionem
557 3808 642 3858 extulit
658 3816 737 3874 poeta.
768 3809 871 3858 Orebsu
887 3810 942 3857 meis
960 3760 1013 3857 lida
1044 3808 1077 3863 vi,
1099 3810 1140 3866 66,
1161 3826 1184 3857 v.
1206 3812 1218 3857 1
1242 3824 1296 3874 sqq.
1318 3808 1349 3857 de
1370 3824 1480 3874 precone
1501 3808 1607 3875 puellam

452 3874 556 3987 litat
571 3873 785 3987 strada
799 3874 1013 3987 utilas
1044 3872 1178 3992 ὅθθὸθ·,
1191 3874 1606 3988 θθθθὸθὸὅὸὅὸθθθὸ

914 3972 921 3994 ,
1004 3967 1014 3977 ·
1071 3956 1102 3993 m,
1137 3956 1267 3987 Mestum
1299 3956 1321 3985 ro
1383 3956 1397 3985 u
1483 3957 1534 3994 rra,
1596 3966 1607 3977 ·

452 4018 504 4050 rum
532 4002 678 4066 magicorum
708 4002 829 4077 presides,
857 4003 1014 4051 veneficarum
1045 4005 1112 4051 debat
1128 4007 1192 4051 modo
1205 4021 1279 4065 preco
1297 4004 1434 4051 Gellianus:
1453 4002 1485 4051 cs.
1497 4004 1567 4053 Pers.
1580 4020 1606 4061 v,

453 4082 518 4116 more
537 4066 634 4115 invocat
654 4066 773 4127 Canidia3
794 4076 821 4115 ut
842 4066 932 4115 Medea
949 4068 1014 4132 apud
1046 4068 1088 4115 32.
1115 4068 1198 4115 Nordo
1210 4078 1356 4130 perurrctum.
1387 4068 1435 4116 Per
1445 4071 1544 4117 sardam
1556 4068 1607 4116 Ca-

454 4130 527 4180 Ovid.
540 4133 602 4180 Met.
618 4130 659 4185 vii,
675 4134 719 4179 192
731 4148 793 4195 sqq.,
814 4132 872 4189 Nor,
890 4136 935 4189 oit,
946 4150 1013 4181 orco·
1046 4132 1113 4181 sidia
1126 4147 1173 4180 non
1190 4132 1282 4198 proprie
1299 4141 1431 4195 unguenta,
1443 4132 1532 4205 quibus
1548 4132 1609 4181 alias

452 4200 489 4245 nis
501 4196 731 4260 fidissimo-Tuque
750 4200 833 4259 triceps
852 4197 948 4252 Hecate,
965 4214 1014 4261 quo
1046 4195 1154 4245 homines
1176 4198 1325 4246 venustiores
1348 4196 1385 4245 vel
1411 4196 1525 4245 ridiculos
1546 4197 1608 4246 adeo

452 4264 530 4323 carptis
548 4264 636 4311 conscio
656 4264 739 4310 nostris
760 4264 916 4325 Adjatrirqns
936 4264 1014 4309 uenis.-
1046 4276 1115 4309 senes
1131 4262 1177 4326 (ci.
1193 4261 1276 4310 Plaut.
1293 4261 1376 4311 Casin.
1393 4261 1450 4310 Act.
1464 4261 1490 4318 ii,
1507 4264 1547 4311 Sc.
1566 4263 1606 4323 3).

453 4326 485 4373 cl.
503 4326 590 4375 Senec.
607 4326 675 4374 Med.
690 4327 747 4384 740,
764 4334 789 4375 et
807 4327 901 4374 Lucan.
917 4325 950 4382 vi,
965 4326 1014 4375 695
1046 4326 1133 4391 puellis
1150 4325 1259 4391 placendi
1276 4341 1350 4374 cansa
1365 4342 1391 4374 se
1402 4325 1531 4375 delibnisse
1547 4342 1607 4375 cou-

453 4406 507 4455 sqq.
543 4390 599 4444 Quo
612 4392 729 4438 silentiam
747 4394 816 4467 regis,
831 4392 925 4439 Arcana
944 4408 1014 4454 quum
1045 4399 1102 4447 stat,
1125 4390 1166 4439 sed
1188 4390 1247 4441 satis
1268 4391 1332 4440 salse
1356 4400 1486 4441 venenatas
1512 4390 1607 4449 herbas,

446 4458 515 4518 fiant
535 4472 609 4509 mmo,
629 4470 669 4520 pro
687 4454 791 4519 vulgara,
815 4472 869 4519 quar
887 4470 955 4504 sacra
976 4469 1013 4503 ar·
1046 4470 1147 4519 quarum
1168 4455 1191 4503 ri
1209 4471 1274 4503 nnuc
1291 4454 1380 4504 adduci
1395 4456 1499 4505 debebat
1517 4457 1608 4513 Varus,

453 4534 514 4567 caua
536 4519 673 4575 moderaris,
694 4535 769 4585 quum
795 4518 838 4567 illa
864 4521 909 4569 sub
937 4520 1014 4569 noctis
1045 4519 1191 4569 intellexisse
1208 4520 1315 4580 videtur3
1335 4520 1394 4568 alias
1409 4536 1458 4569 nou
1468 4520 1608 4579 addidisset,

453 4584 547 4632 silentio
564 4584 633 4632 finnt.
668 4583 747 4642 Nunc,
762 4600 825 4631 nnnc
840 4586 931 4643 adeste,·
951 4602 1014 4633 nunc
1047 4585 1122 4638 Quale
1143 4602 1189 4633 non
1212 4585 1339 4650 perfectius
1363 4585 1403 4648 (h.
1425 4600 1447 4633 e.
1470 4583 1607 4645 efficacius)

453 4650 479 4696 in
497 4651 586 4697 hostiles
604 4650 678 4696 domos
694 4648 758 4696 Iram
774 4659 841 4711 atqua
859 4664 944 4698 namen
960 4665 1012 4697 oar-
1046 4648 1104 4697 Meo
1121 4651 1249 4698 laborarint
1266 4666 1347 4698 monna
1351 4666 1361 4709 ,θ
1378 4650 1483 4699 Canidia
1492 4650 1566 4706 enim,
1580 4657 1609 4698 ut

454 4716 510 4761 tite:
532 4720 592 4762 “ex
609 4713 735 4777 antiquo‚¹'
750 4712 784 4761 ait
799 4712 1012 4771 Mitscherlichius,
1045 4712 1160 4772 venetica,
1178 4730 1227 4762 non
1245 4714 1354 4770 nardum,
1370 4714 1412 4764 sed
1429 4730 1521 4764 venena
1538 4730 1607 4779 para·

453 4776 591 4842 “precandi
602 4777 782 4843 ritu,pro,mihi
791 4776 898 4845 propitias
908 4776 1010 4835 siricius
1041 4777 1084 4825 bat
1100 4778 1273 4843 miscebatque,
1286 4794 1330 4829 nec
1348 4778 1419 4828 facile
1437 4778 1547 4835 nardum,
1559 4794 1609 4845 quo
