3659 5892
630 554 797 620 LIBER
819 555 848 632 l,
870 557 926 619 7.-

613 775 821 844 CARMEN
844 777 924 844 Vll.

491 974 549 1027 AD
571 975 808 1025 MUNATIUM
830 973 1050 1024 PLANCUM.

363 1120 581 1185 Lsunanurtr
593 1119 647 1184 alii
662 1117 784 1184 claram
797 1117 954 1194 Rhodon,
970 1129 1028 1182 aut
1042 1115 1234 1200 Mitylenen,

405 1221 476 1288 Aut
492 1223 663 1307 Epheson,
679 1222 851 1286 bimarisve
867 1219 1017 1285 Corinthi

363 1324 504 1403 Moenia,
518 1324 571 1390 vel
584 1323 719 1390 Baccho
733 1323 882 1402 Thebas,
897 1323 950 1388 rel
964 1321 1118 1408 Apolline
1132 1322 1285 1408 Delphos

340 1506 345 1514 .
404 1429 566 1513 Insignes,
581 1439 639 1492 aut
653 1426 816 1492 Thessala
830 1426 971 1511 Tempe.

317 1533 339 1594 5
361 1530 446 1595 Sunt
460 1533 580 1615 quihus
594 1553 695 1596 unum
710 1551 793 1614 opus
808 1541 870 1606 est,
885 1530 1018 1594 intactae
1033 1527 1179 1594 Palladis
1193 1551 1286 1594 arces

406 1634 557 1699 Carmine
570 1644 733 1720 perpetuo
744 1632 925 1710 celebrare,

359 1735 507 1822 Indeque
521 1737 711 1821 decerptam
726 1733 825 1800 fronti
839 1756 1032 1820 praeponere
1047 1733 1177 1801 olivam,

407 1838 571 1903 Plurimus
586 1839 620 1903 in
634 1837 775 1903 lunonis
791 1837 947 1904 honorem

357 2059 512 2109 CARMEN
532 2062 594 2112 t’tt.
786 2074 859 2126 quam
871 2077 900 2112 ax
911 2060 1001 2109 mutuis
1008 2060 1063 2127 ejus
1070 2067 1095 2108 et
1101 2057 1225 2108 Ciceronis
1232 2058 1351 2126 epistolis,

224 2125 256 2173 L.
269 2123 399 2173 Munatius
411 2123 528 2183 Plancus,
535 2141 591 2174 cum
603 2125 634 2174 ob
644 2133 754 2175 contmc·
786 2143 841 2199 quae
853 2132 948 2176 exstant
957 2123 1040 2176 inCic.
1051 2125 1099 2190 Ep.
1109 2123 1140 2172 td
1151 2124 1210 2173 Dis.
1218 2124 1236 2180 1,
1247 2141 1267 2172 a
1279 2123 1350 2174 intel·

188 2199 240 2238 tam
258 2187 305 2237 sibi
323 2188 389 2254 apud
407 2190 546 2252 Augustum
563 2191 644 2239 dubim
660 2191 715 2240 fidei
731 2199 756 2240 et
787 2190 830 2254 ligi
848 2197 933 2256 potest.
967 2189 1008 2240 Cf.
1022 2189 1053 2238 de
1069 2204 1099 2238 eo
1116 2189 1278 2240 ctweeelii
1294 2189 1351 2239 lud.

187 2252 360 2304 inconstantia
376 2253 536 2319 suspicionem
555 2269 603 2304 non
620 2271 705 2321 parum
726 2255 758 2306 de
790 2257 864 2304 h'om.
876 2271 902 2321 p.
914 2256 955 2304 69.

188 2318 278 2368 salutis
306 2334 356 2367 suae
383 2319 511 2368 securitate
539 2330 602 2369 esset
629 2319 756 2377 sollicitus,
825 2322 880 2378 t,2.
899 2319 1112 2368 Laudabantelr'i:
1130 2335 1178 2370 noc
1194 2317 1294 2368 deerunt
1308 2319 1350 2368 alii

189 2393 278 2451 sponte
295 2383 373 2432 solum
384 2383 490 2433 vertendi
507 2393 531 2434 et
547 2384 572 2433 in
583 2387 694 2435 Graecam
710 2385 757 2433 ali«
786 2384 829 2450 qui
850 2383 959 2440 laudent,
982 2383 1159 2432 commendent.
1187 2383 1228 2434 Cl.
1248 2383 1351 2435 triech.

188 2463 267 2514 quam
287 2448 408 2498 civitatem
430 2449 566 2506 secedendi,
587 2458 706 2524 quantum
726 2465 756 2498 ex
788 2449 931 2499 adlonnam
941 2449 1055 2498 Graecam
1069 2446 1190 2515 explicat:
1208 2447 1349 2497 laudentli-

188 2515 238 2563 hoc
257 2513 363 2563 carmine
382 2513 451 2562 nobis
462 2513 574 2589 colligere
586 2515 651 2572 hcet,
659 2513 756 2580 'cepisse
788 2523 834 2572 cet,
845 2513 968 2564 celebrent
978 2528 1021 2579 per
1031 2513 1209 2570 me,extollaut.
1243 2515 1348 2572 Rhodon,

188 2589 214 2627 et
226 2595 282 2627 cnm
299 2578 377 2627 amico
392 2593 436 2627 suo
449 2579 548 2628 Horatio
565 2578 755 2628 communicasse
786 2581 883 2636 ciorum,
896 2589 1039 2634 mercatum,
1051 2577 1152 2636 artibus,
1162 2587 1186 2626 et
1197 2577 1291 2644 philoso
1308 2579 1350 2628 hia

188 2643 287 2692 videtur
308 2643 445 2692 consilium.
489 2644 566 2692 Poeta
591 2643 672 2708 igitur,
696 2642 756 2708 quid
786 2653 855 2709 puta.
901 2643 1041 2707 Mitylenen,
1070 2643 1134 2692 hanc
1161 2643 1233 2691 lesbi
1263 2659 1293 2692 ur

190 2708 239 2757 sibi
248 2705 357 2756 videatur
367 2707 397 2756 de
408 2708 454 2756 boc
466 2707 576 2765 consilio,
587 2725 632 2784 per
642 2707 756 2771 ambages
787 2707 873 2758 Cicem
886 2723 992 2773 quoque,
1005 2709 1031 2754 in
1043 2706 1113 2756 Orat.
1125 2723 1147 2756 c.
1161 2707 1349 2767 bottelaer

190 2772 299 2839 etpaulo
311 2773 398 2822 tectius
413 2771 439 2820 in
456 2771 502 2821 hoc
520 2787 627 2822 carmine
638 2773 755 2822 declarat.
787 2784 884 2829 mttere,
896 2783 918 2821 et
929 2774 1080 2834 descriptione
1091 2773 1248 2835 edificiorum,
1259 2783 1282 2822 et
1292 2775 1348 2836 pat·

193 2839 230 2888 Ut
247 2853 277 2886 ex
292 2837 351 2885 urbe
366 2836 476 2886 discedat
489 2837 606 2895 Plancus,
619 2837 686 2887 haud
700 2836 758 2902 qui·
787 2839 921 2886 chritudine
934 2839 1041 2900 inprimis
1055 2839 1151 2885 nobilem
1161 2847 1239 2886 vocnt.
1272 2838 1349 2900 Ephe-

192 2901 248 2952 dem
273 2901 405 2967 improbare
425 2901 536 2962 videtum
558 2903 609 2959 sed,
626 2902 685 2952 dum
707 2918 755 2968 pre
786 2919 846 2958 sam,
859 2903 943 2950 urbem
954 2901 1029 2949 lonise
1041 2901 1194 2959 maritimam,
1206 2902 1293 2952 Diana
1309 2902 1347 2952 iu·

194 2967 287 3016 Grecis
299 2967 436 3016 civitatibus
444 2967 508 3032 (quo
519 2975 571 3016 turn
582 2967 683 3032 migrare
694 2967 758 3016 sole-
787 2965 870 3033 primis
887 2965 977 3032 templo
995 2965 1093 3014 claram
1127 2966 1237 3024 Binaria,
1252 2968 1283 3015 ob
1297 2968 1350 3017 duo

192 3031 254 3081 bant
270 3031 392 3082 securitati
411 3047 461 3080 suaa
481 3030 605 3096 timentes)
623 3032 755 3082 Tiburtina
788 3031 872 3088 maria,
884 3031 982 3079 Ionium
992 3039 1016 3078 et
1029 3032 1150 3094 AEgeum,
1163 3030 1252 3096 quibus
1264 3034 1347 3081 Corin-

191 3097 296 3210 qqgiqnis
318 3097 482 3209 amoelnitatem
493 3096 672 3210 bcolrplmcndat13
686 3096 757 3210 qqqisi
788 3095 894 3210 thusgepql
907 3095 1349 3211 kiimuiniisschduinsssissgm*

218 3179 244 3209 m
355 3177 521 3218 ‚ocnmut
563 3177 640 3212 ancus
675 3177 717 3210 acc
746 3197 753 3218 ,
785 3177 823 3210 er
890 3177 907 3210 n
943 3177 1022 3208 inens
1092 3175 1180 3212 umes
1292 3179 1348 3212 rec.

192 3175 393 3283 laetitieailealdris,
405 3243 503 3276 munere
515 3225 635 3276 tristitiam
649 3235 674 3275 et
687 3226 758 3276 dolo·
787 3178 1149 3290 diffluoeocdpptdtilascoc.
1167 3225 1299 3292 Opulentia
1309 3227 1348 3276 in·

192 3307 244 3340 rem
265 3291 406 3355 abstergere,
427 3299 452 3340 ct
471 3292 502 3340 cd
521 3291 613 3356 quevis
632 3290 758 3342 toleranda
787 3289 869 3356 primis
877 3290 1035 3340 etmultcrum
1043 3305 1121 3340 remm
1128 3291 1276 3340 abundantia
1284 3291 1348 3342 hanc

194 3355 303 3404 animum
313 3355 451 3405 confirmare
461 3357 544 3422 possit,
557 3357 628 3421 longe
642 3365 755 3422 opportu-
787 3358 870 3405 urbem
882 3355 989 3405 floruisse
1000 3363 1093 3404 constat
1100 3373 1109 3416 ;
1125 3356 1221 3405 Graeeiae
1231 3359 1351 3407 demto-

194 3421 286 3470 niorem
304 3420 391 3469 innuit.
424 3421 511 3470 Nesus
527 3421 707 3478 sententiarum,
726 3419 756 3470 de
788 3430 828 3470 cat
840 3419 985 3470 Corinthum
996 3419 1062 3468 Plor.
1072 3420 1099 3479 ii,
1113 3421 1154 3469 16.

194 3502 245 3551 qno
257 3484 317 3534 adeo
330 3485 469 3534 laborarunt
482 3486 592 3535 nonnulli
607 3487 755 3552 interpretes,
819 3488 843 3543 3,
857 3487 881 3533 1.
901 3485 1005 3532 Baccho:
1023 3484 1117 3534 Bacchi
1136 3483 1235 3548 origine,
1255 3484 1346 3535 educa-
1441 3505 1445 3510 ’

195 3559 223 3598 ut
234 3551 280 3599 hoe
298 3565 394 3624 carmen
405 3565 435 3598 er
450 3550 545 3599 duobus
558 3550 656 3624 diversis
666 3551 756 3600 confla·
787 3548 978 3608 tione,etcultu.
994 3551 1114 3612 Apolline:
1129 3548 1250 3615 Apollinis
1258 3552 1350 3616 templo

193 3623 536 3730 ’,1ξὲἒέἳέἓὲΐὲνὲἱᾷ
544 3615 758 3729 ‘Sthlinii
788 3615 941 3728 {tenth
954 3613 1348 3752 “ittthtlbttfflt

193 3745 319 3810 relinquo;
335 3761 374 3793 me
389 3743 509 3810 praecipue
522 3745 626 3794 delectat
641 3744 756 3793 amoenis·
788 3743 920 3794 'l'bessalirn
935 3743 1090 3802 convallium,
1102 3751 1187 3808 prater
1199 3743 1273 3793 Ovid.
1314 3755 1348 3795 et.

194 3809 258 3859 sima
275 3808 376 3858 Tiburni
392 3807 472 3873 regi03
490 3817 516 3857 tn
533 3825 639 3884 quoque,
654 3809 757 3866 Plance,
789 3808 806 3865 i,
826 3809 874 3858 569
892 3823 947 3873 sqq.
959 3808 1091 3856 uberiorem
1107 3806 1290 3875 descriptionem
1306 3809 1349 3861 de·

194 3873 221 3922 in
232 3873 416 3940 eapotissimurn
426 3874 520 3937 regione
529 3873 603 3924 animi
612 3873 648 3924 tui
653 3873 758 3922 dolorem
790 3872 827 3922 dit
839 3872 932 3922 AElinn.
946 3872 979 3920 V.
990 3873 1025 3920 Η.
1036 3872 1071 3929 iii,
1085 3875 1110 3922 1.

194 3937 315 4004 deponere
337 3937 432 4004 poteris,
453 3941 621 4002 (supplendam
640 3941 700 3988 enim
716 3949 758 3996 est,
824 3941 849 3996 5,
860 3939 885 3986 6.
902 3938 1009 3993 Inmete,
1027 3937 1052 3984 h.
1063 3953 1086 3986 e.
1102 3936 1250 3997 indelibata,
1266 3949 1348 3990 caste.

211 4006 256 4052 uod
264 4005 367 4052 consulto
377 4003 613 4066 preternimpeetn)
625 4019 653 4052 eo
666 4011 688 4053 te
699 4019 756 4052 con-
789 4003 860 4051 Arcet
877 4002 1029 4051 Athenarum
1045 4017 1099 4050 nem
1133 4002 1241 4068 ,quibus
1256 4005 1352 4070 praefuit

194 4021 239 4122 ier,
257 4076 282 4116 et
298 4067 386 4132 cogita,
405 4083 453 4115 non
471 4083 563 4134 semper
581 4067 645 4118 mala
662 4067 757 4126 durare,
790 4068 911 4123 Minerva,
923 4066 989 4116 unde
1007 4066 1095 4115 dicta*
1116 4083 1132 4116 a
1147 4075 1186 4117 est
1198 4071 1286 4118 πολιο·
1305 4085 1351 4129 oc:

195 4133 240 4182 sed
254 4140 309 4198 post
325 4133 377 4188 illa,
393 4131 456 4181 sicut
470 4141 633 4198 tempestatem
649 4132 757 4247 exrqrpm
788 4131 838 4181 nid.
857 4132 947 4206 Caper.
963 4132 1065 4180 Observ.
1080 4131 1117 4189 iii,
1129 4134 1169 4190 16,
1181 4143 1206 4181 et
1222 4135 1286 4200 Span
1303 4152 1352 4185 em.

196 4196 258 4246 solet
279 4197 403 4254 serenitas,
427 4197 541 4246 letiorem
564 4207 650 4248 sortem
713 4197 756 4246 ire.
789 4197 821 4246 ad
838 4196 973 4246 Gallim-in
991 4195 1143 4255 Palla-5³,
1158 4200 1229 4247 Arca
1246 4199 1352 4249 Palladis

198 4261 345 4328 Ubicunque
359 4277 393 4319 es,
407 4262 445 4311 vel
460 4262 556 4312 iuturus
570 4279 604 4320 ee,
616 4261 673 4312 vino
686 4277 758 4312 curas
790 4271 872 4311 autem
884 4277 927 4327 pro
937 4259 997 4327 ipsis
1007 4262 1119 4311 Athenis.
1152 4264 1275 4326 Perpetuo,
1286 4265 1352 4328 quod

198 4326 272 4384 dilue,
280 4336 304 4376 et
311 4329 419 4376 animum
427 4335 498 4376 tuum
506 4326 621 4376 exhilara.
643 4327 759 4392 Exemplo
790 4342 840 4376 nno
852 4335 934 4376 tenore
944 4342 1027 4375 omnes
1038 4327 1187 4376 Athenarum
1198 4327 1352 4378 laudescon·

198 4390 224 4440 in
244 4393 292 4468 bac
308 4407 334 4442 re
353 4391 398 4467 tibi
418 4405 471 4440 esse
491 4399 569 4456 potest
587 4393 690 4448 Teucer,
709 4391 762 4456 qui,
790 4391 895 4458 junctim
905 4399 1002 4467 tractat,
1012 4391 1114 4456 cyclieo.
1135 4456 1140 4466 ¹

198 4455 761 4586 hthttttn”ttplttttt¹ttltt
792 4457 915 4586 ,tels
930 4455 1353 4577 tdtbttdntffttitttt

199 4585 278 4636 vinum
290 4587 524 4662 selsociosque'sucs
536 4585 566 4672 qd
578 4585 682 4635 melioris
691 4586 761 4660 sortis
793 4593 856 4636 recte
866 4585 891 4634 iu
903 4593 994 4660 textum
1009 4585 1107 4662 recepit,
1119 4585 1185 4661 quod
1197 4585 1249 4658 jam
1263 4587 1353 4662 Schra·

197 4651 762 4773 Zdffifflluiiiilllndiffilill!
792 4649 1357 4782 ltttttffitttttt‘ozttthttr

193 4783 235 4842 sis,
242 4799 302 4850 quas
313 4783 338 4834 in
347 4779 479 4852 republica
487 4787 585 4829 secutus
592 4787 636 4839 est,
645 4779 764 4846 partibus,
794 4795 845 4831 sere
860 4796 886 4832 se
901 4788 1021 4830 torserunt
1037 4779 1185 4846 interpretes,
1202 4789 1293 4831 remota
1309 4792 1360 4833 ests
