3659 5892
878 518 1176 588 CARMINUM

610 675 631 737 5
665 671 810 758 Simplex
825 673 1015 740 munditiis?
1060 673 1148 752 Heu,
1165 673 1294 760 quoties
1307 672 1407 739 tidem

662 776 876 861 Mutatosque
891 776 984 842 Deos
998 776 1102 856 flebit,
1118 788 1153 843 et
1165 798 1284 863 aspera

701 877 817 964 Nigris
832 902 965 964 aequora
978 881 1083 944 ventis

748 981 952 1046 Emirsbitur
965 982 1119 1060 ursolens,

662 1082 731 1156 Qui
744 1105 830 1149 nunc
846 1095 878 1148 te
894 1081 1013 1148 fruitur
1028 1083 1181 1150 credulus
1195 1106 1311 1163 aurem

598 1187 638 1251 10
659 1186 727 1260 Qui
743 1209 870 1272 semper
885 1208 1029 1264 vacuam,
1043 1209 1172 1272 semper
1186 1187 1356 1252 amabilem

705 1289 835 1375 Sperat,
851 1289 980 1354 nescius
999 1309 1089 1353 surm

621 1466 627 1477 ι
746 1391 896 1458 Fallacia.
941 1391 1061 1456 Miseri
1073 1391 1194 1476 quibus

659 1493 824 1559 lutenteta
838 1495 941 1559 nites!
986 1493 1046 1558 Me
1060 1492 1173 1558 tabula
1186 1515 1280 1558 sacer

658 1596 780 1664 Votiva
792 1596 900 1681 paries
915 1595 1039 1660 indicat
1052 1595 1152 1660 uvida

597 1699 639 1763 15
703 1697 922 1784 Suspendisse
936 1697 1064 1782 potenti

745 1800 951 1868 Vestimenta
961 1800 1060 1864 maris
1074 1799 1160 1865 Deo.

443 1964 501 2025 tius,
520 1965 566 2016 bac
586 1975 679 2034 arrepta
695 1967 818 2035 perfidiam
835 1975 860 2016 et
875 1965 1007 2023 levitatem,
1072 1968 1132 2026 s‚⁵.
1149 1965 1242 2026 Cui,iu
1255 1965 1457 2032 eujusgratiam
1474 1967 1605 2032 (noem

462 2047 518 2080 uam
532 2031 589 2080 olim
604 2031 629 2080 iu
645 2032 700 2098 ejus
711 2048 790 2082 amora
801 2040 910 2098 expertus
921 2031 1007 2087 lueret,
1038 2046 1069 2080 su
1078 2031 1206 2098 geleiten.)
1234 2029 1366 2089 libellis,
1376 2033 1401 2089 6,
1411 2033 1437 2090 2,
1451 2031 1507 2081 Tora
1518 2037 1606 2084 titisse

444 2049 466 2144 l
504 2097 543 2146 be
563 2097 721 2162 exprobrandi
740 2097 875 2154 occasione,
895 2096 958 2146 salse
977 2111 1008 2145 ex
1039 2098 1114 2156 tedio,
1135 2099 1180 2146 rut
1197 2095 1249 2160 (dir
1264 2113 1294 2145 zu
1311 2095 1429 2160 gelallen)
1446 2112 1470 2146 rs
1488 2099 1605 2146 latisin

497 2161 591 2227 querit,
604 2161 659 2227 quis
673 2161 758 2212 sitille
773 2161 844 2211 miser
856 2175 924 2228 puer,
935 2176 1008 2226 quern
1039 2165 1124 2211 cenet.
1158 2161 1250 2209 (ἔοηιιη
1270 2163 1367 2224 religas.
1400 2161 1441 2211 Cl.
1465 2161 1604 2212 Mitscbsrl.

444 2241 509 2275 nuuc
531 2241 611 2276 amore
633 2242 676 2276 ruo
698 2227 767 2277 ludat
784 2227 910 2291 fallatque.
951 2227 1008 2284 Quo
1038 2225 1412 2292 eomparatPsul.Silentiar.E
1432 2227 1603 2284 assumor.

444 2289 542 2354 quidem
553 2305 614 2339 πονο
626 2291 724 2357 Pyrrhe
736 2301 841 2342 amatore
853 2305 909 2340 cum
923 2298 1007 2348 muts,
1040 2291 1122 2341 Grec.
1136 2293 1168 2340 T.
1182 2290 1217 2351 iv,
1230 2307 1258 2356 p.
1271 2291 1315 2339 48.
1347 2241 1448 2354 Simplex
1464 2293 1603 2340 meatus:

443 2355 485 2405 cui
498 2355 617 2405 horribilis
631 2356 657 2406 in
673 2357 733 2406 mari
748 2365 876 2422 tempestas
891 2355 1008 2414 imminet,
1039 2355 1123 2405 cultus
1135 2356 1200 2406 enim
1214 2354 1369 2421 simplicitate
1382 2371 1461 2420 magu
1476 2371 1541 2422 sepe
1557 2372 1604 2422 pu·

444 2435 470 2469 se
482 2435 545 2477 vero,
555 2429 634 2471 vetare
644 2421 698 2487 ejas
710 2431 823 2478 amatore,
835 2435 891 2470 eum
902 2417 1009 2477 bomine,
1039 2420 1105 2477 elle,
1112 2435 1185 2486 qaam
1193 2427 1325 2486 operosoet
1332 2427 1383 2468 arte
1393 2419 1497 2484 quesite
1505 2430 1603 2480 crustu,

443 2483 488 2548 qui
499 2483 598 2535 feliciter
609 2501 622 2536 e
634 2486 759 2550 naufragio
770 2495 878 2535 servetur
889 2485 930 2542 sit,
941 2499 1007 2533 com·
1040 2485 1137 2549 placent
1145 2493 1171 2534 et
1173 2486 1277 2598 §tacere
1286 2483 1391 2532 student.

502 2559 539 2610 tc,
551 2558 600 2598 tam
609 2549 675 2600 illius
684 2552 710 2601 in
719 2551 813 2616 Pyrrha
825 2563 904 2599 aurore
913 2550 1008 2624 pericu·
1072 2553 1155 2616 6sqq.
1197 2567 1235 2608 eu,
1245 2552 1331 2613 quados
1339 2549 1415 2612 fidem
1427 2555 1485 2598 cett.
1499 2565 1602 2598 sensus:

455 2629 504 2670 um,
520 2630 594 2679 quam
610 2631 687 2672 ruam,
704 2631 754 2682 qua
769 2631 799 2665 ex
815 2615 858 2664 illo
874 2613 1008 2680 penculusc
1040 2611 1097 2672 beu,
1108 2615 1202 2679 quoties
1212 2613 1243 2664 de
1257 2621 1351 2663 mutata
1363 2613 1411 2662 fide
1421 2617 1478 2676 (tua
1488 2615 1603 2688 pertidia)

444 2692 525 2728 amore
535 2680 645 2742 evaserit,
654 2681 773 2732 fortunam
783 2679 888 2731 suaviter
895 2678 1009 2730 describit
1038 2686 1065 2728 et
1073 2679 1172 2728 mutatis
1183 2677 1230 2728 diis
1241 2679 1308 2744 (ejus
1322 2693 1408 2744 nempe
1421 2693 1505 2736 amon,
1517 2679 1559 2727 eui
1570 2681 1604 2729 ab

443 2751 469 2792 et
478 2743 598 2810 exprimit.
1037 2742 1107 2792 initio
1126 2743 1247 2811 adspirare
1263 2743 1414 2800 videbantur,
1432 2756 1498 2792 nune
1516 2743 1603 2793 adeer-

479 2809 551 2856 1—3.
564 2809 621 2864 Quis
628 2809 877 2885 mulragrncitrjrmstt.
889 2809 953 2884 Quis
961 2815 1006 2885 est,
1038 2808 1163 2884 entibus)
1183 2809 1299 2884 querelas·
1316 2807 1409 2883 tundet,
1430 2815 1453 2856 et
1476 2807 1502 2857 in
1523 2809 1604 2858 medic

443 2873 1007 3002 tti'tlttlt’tltttttt‘tttttttt
1037 2879 1604 3012 :tttdttffllrtttttrttt

443 3002 513 3052 sidue
527 3003 573 3052 sub
584 3011 650 3067 grate
664 3013 732 3052 nnuc
742 3013 766 3052 ts
777 3011 881 3053 sectatur
893 3004 1006 3069 (urget),
1039 3002 1153 3052 miserum
1169 3010 1264 3051 sentiet.
1297 3002 1445 3058 Amatorem,
1456 3017 1529 3066 cujus
1544 3003 1604 3054 leta

443 3075 468 3116 et
476 3067 707 3133 uunquemalatere
715 3077 758 3118 tuo
768 3067 873 3118 recediti
891 3069 1006 3117 Gracile:
1038 3069 1071 3116 ab
1088 3067 1158 3116 initio
1176 3069 1201 3116 in
1219 3081 1299 3116 amors
1320 3083 1376 3134 spes
1397 3073 1494 3134 repente
1514 3068 1603 3133 puellis

443 3132 1007 3247 iiffilbllli'sfflllillldffii’li
1037 3131 1604 3254 titttttfitttttttffittt

443 3215 513 3310 lani
520 3270 543 3311 et
560 3213 609 3310 aliiJ
620 3213 750 3328 expliedrid,
767 3271 791 3310 te
809 3231 965 3312 reclinantem
980 3231 1006 3311 id
1037 3213 1201 3336 prosperrima
1217 3230 1378 3325 naviglticuis
1393 3278 1437 3328 spe
1453 3261 1559 3311 conisus
1575 3277 1604 3312 se

443 3325 512 3384 meis,
532 3327 621 3391 quibus
643 3327 731 3376 humus
749 3335 869 3375 constrata
887 3335 942 3386 est;
964 3327 1007 3376 κά
1037 3325 1177 3384 credrderat,
1192 3326 1273 3375 subita
1287 3335 1428 3392 tempestate
1443 3324 1602 3390 deprehendi-

444 3389 501 3440 buic
517 3390 669 3456 explicationi
685 3399 734 3440 tam
750 3407 796 3449 res,
809 3407 882 3457 quam
895 3405 955 3440 usus
970 3390 1006 3440 lc-
1038 3397 1094 3451 tur;
1109 3390 1293 3440 etinbacecm
1350 3391 1416 3440 tione
1424 3392 1475 3438 sive
1486 3391 1603 3455 allegoria

443 3455 534 3519 queudi
545 3472 568 3505 re
586 3464 677 3519 ugnat;
694 3456 761 3521 pueri
772 3457 837 3504 enim
847 3455 1005 3513 delicatiores,
1038 3455 1165 3519 (nimirum
1173 3456 1238 3531 quod
1248 3456 1279 3503 ad
1303 3457 1381 3523 erepti
1392 3453 1603 3506 amatorisscrtem

442 3520 539 3584 qualem
562 3472 650 3593 riquier
668 3520 788 3578 describit,
806 3536 855 3570 non
876 3521 1007 3584 unguentis
1038 3520 1136 3584 attinet)
1152 3530 1212 3570 scite
1228 3529 1300 3587 poeta
1316 3521 1442 3587 usquead
1459 3519 1531 3568 linem
1546 3535 1601 3570 ear-

442 3591 537 3634 tantum
551 3585 651 3651 caprllos
661 3585 899 3643 saturare,sedrosis
908 3601 942 3650 qu
974 3600 1007 3636 ue
1037 3583 1110 3633 minis
1121 3586 1234 3650 persistit.

443 3659 518 3714 caput
538 3649 651 3715 impedire
671 3649 789 3699 solebant.
824 3651 881 3699 Huc
902 3665 932 3698 ac
979 3649 1005 3707 't,
1070 3649 1129 3707 7‚s.
1142 3650 1314 3714 Nigrirsentis.
1329 3646 1404 3698 Venti
1412 3647 1602 3714 dicunturnign'

443 3713 509 3824 guod
520 3714 620 3781 Pyrrha,
629 3717 749 3762 munditiis
760 3717 861 3777 simplex,
872 3713 933 3763 lesto
943 3729 1005 3778 que·
1036 3727 1110 3762 sensu
1122 3714 1209 3772 sedeo,
1219 3715 1244 3762 b.
1253 3729 1277 3763 e.
1288 3714 1379 3762 coelum
1390 3713 1486 3777 nigrum
1497 3714 1600 3764 redden-

460 3777 550 3828 amdie
566 3778 592 3828 in
608 3793 704 3828 amaenc
719 3779 761 3828 illo
777 3787 853 3836 anuo,
866 3779 908 3828 ubi
946 3795 1001 3828 ures
1033 3785 1079 3836 tes,
1090 3779 1141 3830 sire
1155 3780 1263 3828 nubibus
1276 3780 1449 3838 obscurantes,
1510 3778 1600 3829 'modo

443 3840 508 3890 baud
524 3841 596 3892 dubie
610 3843 712 3909 juvenes
728 3844 858 3908 unguentis
872 3859 902 3910 pe
940 3844 1003 3894 siet
1033 3843 1118 3902 intr,
1135 3843 1457 3900 murmurantum,
1488 3859 1529 3892 .e.
1546 3859 1600 3894 ere-

442 3906 510 3956 sertis
522 3908 593 3957 roseis
603 3908 708 3957 coronati
720 3909 766 3972 (et.
778 3908 822 3956 inl.
832 3909 874 3957 lib.
886 3909 912 3965 ii,
923 3909 961 3966 ll,
972 3910 1001 3958 14
1034 3909 1085 3956 lum
1101 3908 1184 3956 album
1200 3909 1251 3957 sire
1266 3921 1377 3956 serenum
1392 3907 1508 3968 reddens;
1526 3917 1551 3957 et
1562 3909 1598 3968 iii,

442 3971 512 4036 sqq.)
525 3973 614 4021 letitie
630 3981 655 4022 ct
696 3971 780 4022 tatium
790 3973 957 4037 indulgebant,
968 3974 1001 4021 sl·
1033 3973 1059 4030 7,
1073 3974 1095 4030 l,
1110 3975 1208 4022 candidi
1224 3973 1330 4021 Fames.
1363 3971 1473 4028 tenum,
1489 3973 1533 4036 qui
1549 3972 1599 4023 tale

442 4037 494 4084 mul
512 4037 617 4086 adfuisse
633 4037 657 4086 vi
674 4046 735 4088 etur.
767 4039 805 4086 Ex
825 4053 872 4086 usu
889 4037 1004 4103 loquendi
1033 4036 1094 4102 quid
1103 4053 1153 4086 non
1164 4038 1283 4095 timuerat,
1293 4045 1392 4104 stupens
1403 4037 1434 4086 ab
1443 4037 1599 4087 reruminsc·

443 4109 524 4149 sutem
538 4117 580 4168 per
588 4101 716 4152 dictionem
731 4105 756 4150 in
767 4119 818 4151 rose
834 4117 890 4159 ncu,
903 4102 929 4151 in
945 4105 1005 4152 rasis
1036 4102 1143 4151 lentiam.

443 4166 544 4224 cubans,
565 4165 616 4224 sed,
637 4171 694 4216 roris
714 4177 835 4216 coronetur
856 4166 1005 4234 designatur.
1066 4168 1159 4217 9-13.
1175 4166 1263 4224 Aurea,
1274 4164 1300 4213 b.
1311 4177 1335 4214 s.
1345 4165 1378 4214 cb
1390 4164 1504 4229 pulcbrcs
1519 4181 1599 4216 mores

442 4229 483 4280 Sic
494 4230 559 4298 apud
568 4231 622 4282 Cic.
630 4231 661 4281 de
670 4230 723 4281 Fir.
732 4229 758 4290 ii,
768 4233 810 4288 20,
819 4241 898 4294 potare
908 4235 934 4282 in
945 4249 1004 4290 rora,
1035 4239 1059 4279 et
1068 4233 1160 4280 firmam
1170 4231 1196 4279 in
1207 4245 1287 4279 amors
1295 4230 1365 4279 fidem
1375 4229 1478 4280 maxime
1488 4231 1597 4282 amabili.

442 4303 468 4343 et
481 4297 583 4346 Tuscul.
599 4313 623 4354 v,
640 4297 680 4355 26,
698 4311 742 4346 erse
757 4300 784 4344 in
800 4313 858 4345 ress.
892 4296 1006 4346 Similiter
1036 4297 1077 4345 Sic
1088 4311 1165 4346 mores
1175 4295 1270 4362 pulchri
1281 4303 1306 4343 et
1316 4292 1411 4343 bonesti
1421 4293 1466 4343 iul.
1477 4295 1508 4353 iv,
1518 4297 1544 4352 2.
1553 4297 1596 4355 23,

443 4360 508 4425 apud
534 4361 633 4411 Grecos
659 4361 744 4427 Eurip.
771 4361 844 4410 Herc.
867 4362 925 4410 Fur.
945 4362 1003 4420 677,
1036 4361 1235 4410 dicunturnurri.
1270 4359 1386 4408 Verum:
1403 4358 1450 4406 sibi
1464 4359 1519 4417 seli,
1531 4359 1598 4411 baud

443 4426 528 4491 (quem
540 4426 619 4475 locum
630 4426 753 4475 commode
763 4423 872 4474 laudarit
881 4426 922 4476 Cl.
931 4425 1004 4475 Mits·
1036 4426 1088 4483 alii,
1106 4427 1132 4474 in
1152 4440 1233 4474 amore
1251 4431 1385 4474 secantem.
1419 4423 1515 4472 Nescius
1532 4443 1597 4476 sure

442 4489 565 4552 cheri.)lv
573 4491 728 4556 στεφάνοισιν
735 4491 799 4540 εἶναι
806 4489 901 4540 dicitur.
919 4492 1003 4549 Grato,
1028 4490 1145 4555 fallaris:
1166 4489 1208 4539 ille
1227 4489 1330 4554 ignorat,
1347 4487 1413 4537 teia
1432 4501 1511 4538 amors
1530 4505 1596 4540 aure

441 4555 472 4603 ob
488 4555 535 4604 loci
551 4555 729 4617 amoenitatem3
746 4554 792 4604 tuit
808 4555 871 4604 euim
882 4555 944 4604 illud
959 4571 1003 4604 an·
1035 4553 1111 4604 instar
1130 4553 1272 4603 mutabilem
1294 4562 1320 4602 et
1335 4553 1513 4604 inconstantem
1533 4568 1597 4606 esse.

441 4627 504 4668 trum
522 4619 587 4669 baud
600 4619 673 4670 dubie
686 4619 823 4686 jucundum
836 4619 1004 4670 umbraculum
1036 4619 1113 4679 Nitor,
1124 4621 1207 4668 forme
1217 4626 1267 4667 tue
1276 4617 1353 4666 nitore
1363 4619 1454 4683 places.

441 4685 487 4734 sub
503 4685 627 4750 spelunca,
638 4683 760 4744 hilaritati,
770 4683 894 4750 putationi,
905 4685 1003 4735 amoris·
1070 4685 1175 4733 13-16.
1196 4684 1237 4732 Me
1252 4685 1333 4731 tabula
1347 4695 1412 4732 tam
1427 4689 1483 4732 cett.
1500 4697 1547 4740 me,
1564 4699 1595 4732 ex

440 4765 489 4814 que
501 4749 594 4800 lusibus
605 4759 774 4816 opportunum.
1035 4748 1161 4814 maingis
1187 4758 1316 4807 servatum,
1338 4747 1434 4796 madida
1454 4747 1597 4798 vestimenta
