3659 5892
445 552 510 615 886
863 542 1188 610 SATIRARUM

533 700 656 765 Nudus
671 699 770 784 agris,
786 697 895 761 nudus
910 697 1059 774 nummis,
1075 696 1199 773 insane,
1214 697 1383 780 patentia?

450 803 514 867 185
536 802 679 879 Scilicet,
695 810 732 865 ut
746 800 893 885 plausus,
909 820 993 882 quos
1007 796 1073 862 fert
1086 794 1250 881 Agrippa,
1264 796 1352 862 feras
1365 809 1414 874 tu,

534 902 658 967 Astuta
671 904 847 987 ingenuum
863 900 977 985 vulpes
991 900 1117 963 imitata
1129 897 1277 963 leonem?

535 1004 592 1069 Ne
606 1005 679 1088 quia
694 1002 847 1067 humasse
862 1002 940 1068 velit
954 1001 1102 1087 Ajacem,
1118 999 1251 1077 Atrida,
1267 1012 1358 1065 vetas
1371 1002 1452 1065 curi

537 1104 614 1170 Rex
631 1126 712 1169 sum.
757 1102 817 1169 Nil
831 1104 918 1168 ultra
932 1124 1045 1187 quaero
1058 1101 1219 1186 plebeius.
1265 1103 1315 1167 Et
1327 1122 1456 1186 requam

536 1204 623 1270 Rem
637 1206 807 1291 imperito:
831 1216 876 1282 at,
893 1205 921 1268 si
935 1205 989 1268 cui
1003 1202 1117 1267 videor
1130 1224 1197 1268 non
1206 1204 1329 1287 justus,
1345 1202 1451 1266 inulto

454 1306 517 1372 190
538 1306 672 1386 Dicere,
687 1307 777 1392 quod
793 1308 905 1382 sentis,
922 1305 1085 1389 permitto.
1131 1302 1277 1369 Maxime
1291 1326 1418 1389 regum,

538 1407 586 1474 Di
601 1410 661 1473 tibi
676 1410 755 1475 dent
770 1417 867 1493 capta
878 1406 1014 1471 classem
1027 1406 1187 1471 reducere
1201 1405 1327 1490 Troja!

542 1510 635 1595 Ergo
650 1511 830 1589 consulere,
846 1520 880 1573 et
894 1530 970 1573 mox
985 1507 1186 1591 respondere
1199 1506 1333 1571 licebitl

541 1610 694 1677 Consule.
741 1612 810 1677 Cur
826 1609 914 1694 Ajax
929 1609 1027 1673 heros
1040 1610 1083 1672 ab
1097 1606 1229 1672 Achille
1243 1608 1409 1671 secundus

540 1712 716 1792 Putrescit,
733 1714 830 1778 toties
845 1712 982 1775 servatis
997 1708 1105 1774 clama
1121 1707 1280 1773 Achivis?

458 1814 522 1878 195
543 1813 699 1879 Gaudeat
714 1824 751 1878 ut
765 1812 906 1899 populus
923 1811 1045 1875 Priami
1060 1809 1276 1893 Priamusque
1290 1810 1470 1889 inhumato,

542 1914 609 1979 Per
623 1936 720 1998 quem
736 1924 784 1978 tot
795 1914 933 1997 juvenes
947 1912 1055 1997 patrio
1070 1933 1205 1977 camere
1220 1912 1395 1999 sepulcro?

454 2081 1018 2211 tamassanus
1123 2083 1473 2220 ,am
1495 2085 1608 2213 ,eze

489 2212 542 2278 puli
550 2210 650 2276 gratiam
661 2209 804 2276 captandam
814 2212 878 2260 bona
887 2210 1019 2277 tuaperdis
1048 2212 1091 2266 20,
1108 2225 1264 2273 generouons
1284 2211 1360 2260 animi
1381 2212 1420 2261 leo
1440 2220 1527 2261 utute
1541 2212 1608 2278 rulpi

495 2274 633 2350 gitionibus,
640 2282 668 2323 ut
679 2275 779 2340 superbe
789 2274 814 2323 in
824 2276 895 2325 Circo
906 2276 1018 2324 incedens
1049 2289 1080 2339 op
1111 2274 1183 2322 nimr.

457 2340 538 2453 ¹diprtis
550 2339 663 2405 apopulo
675 2338 818 2394 monstreris,
828 2340 867 2388 vel
877 2348 904 2387 ut
916 2340 942 2387 in
956 2340 1015 2387 libe·
1096 2338 1220 2387 tit-22³.
1237 2337 1332 2401 Nequit
1340 2341 1451 2396 lum,
1462 2347 1520 2388 cett.
1550 2339 1608 2387 Jam

494 2402 559 2451 itatis
569 2409 618 2451 tue
629 2402 767 2451 memoriam
782 2410 862 2451 statua
877 2402 1016 2459 collocetur,
1048 2402 1183 2458 Stertinius,
1196 2402 1339 2467 Oppidiurn,
1352 2404 1396 2467 qui
1412 2401 1443 2453 de
1458 2402 1555 2468 duplice
1571 2402 1609 2451 in·

458 2467 515 2515 dum
526 2466 572 2515 bac
582 2466 687 2515 vanitate
699 2464 797 2514 nudaris
807 2466 873 2515 omni
889 2476 931 2515 tuo
946 2466 1017 2540 patri·
1049 2466 1123 2514 sanie
1144 2480 1230 2529 genere
1249 2466 1345 2516 duobus
1363 2467 1420 2515 filiis
1437 2477 1537 2516 cautum
1555 2468 1607 2524 ivit,

459 2530 556 2579 mnniot
579 2530 643 2579 Tum
659 2544 685 2579 se
701 2530 817 2579 convertit
832 2530 862 2579 nd
878 2530 1017 2579 Tiberium:
1049 2529 1180 2603 excipiens,
1191 2531 1278 2579 uansit
1288 2530 1319 2579 ad
1330 2531 1397 2580 aliud
1407 2546 1484 2595 genus
1498 2530 1609 2589 insanie,

460 2595 549 2643 Nonne
564 2602 590 2642 tu
605 2608 710 2658 quoquo,
725 2592 816 2649 Tiberi,
830 2594 930 2652 insanis,
945 2593 1018 2660 quod,
1051 2592 1083 2641 ad
1104 2593 1223 2642 insaniam
1248 2594 1350 2652 scilicet,
1371 2610 1421 2659 qua
1442 2597 1610 2660 Agamemnon

460 2667 488 2708 ut
503 2658 546 2707 tibi
564 2658 650 2723 pariter
665 2666 737 2721 atque
750 2656 828 2707 AEdili
842 2658 957 2724 Agrippa
974 2674 1018 2723 ap·
1050 2657 1124 2705 liliam
1134 2658 1611 2725 snam,1pbigcniarn,provitulaDisno

459 2721 596 2787 plaudatur,
612 2720 683 2771 sicuti
705 2730 784 2769 astuta
801 2721 894 2787 vulpes,
908 2738 964 2787 que
981 2721 1017 2771 in·
1050 2720 1288 2771 bostiamoblaturus
1301 2723 1389 2772 eratin
1402 2722 1508 2782 Aulid03
1525 2723 1612 2773 sedita

459 2801 563 2849 genuum
574 2786 666 2836 leonem
678 2784 792 2841 imitatur,
799 2794 937 2851 congestam
945 2802 1020 2851 pecu·
1050 2787 1144 2844 nausis,
1155 2795 1192 2843 nt,
1202 2786 1265 2835 sicut
1281 2796 1351 2853 poeta
1366 2788 1455 2862 aliquis
1467 2788 1494 2836 in
1504 2787 1611 2837 damete

459 2850 525 2897 niam
544 2850 570 2897 in
588 2865 626 2907 ea,
649 2849 735 2913 quibus
754 2849 857 2914 populus
877 2849 1018 2909 delectatur,
1051 2858 1204 2914 spectatores.
1214 2850 1250 2899 its
1260 2850 1393 2901 auditorem
1408 2868 1434 2900 ιιι
1447 2851 1550 2902 mediam
1561 2868 1611 2901 rem

460 2912 621 2978 impendendo
643 2912 746 2977 pusillus
769 2914 839 2961 horno
859 2929 972 2978 magnum
994 2924 1020 2965 et
1051 2913 1136 2988 rapiat.
1168 2914 1267 2963 Inducit
1285 2916 1406 2966 hominem
1422 2916 1541 2981 quendum
1599 2944 1611 2955 ·

461 2976 616 3041 generosioris
626 2975 698 3025 animi
708 2976 839 3043 Agrippam
851 2978 965 3026 imitarisl
989 2978 1020 3026 Is
1051 2977 1341 3045 berum,qui,postquam
1353 2980 1556 3045 Ammona
1583 2998 1612 3031 eo

461 3042 599 3106 eicerq'obo
611 3042 711 3103 lupinis:
728 3040 1020 3105 Schol.Cruq.,Auttquir
1051 3040 1210 3107 interrogatus
1226 3059 1270 3092 cur
1283 3044 1357 3109 Ajaci
1373 3045 1521 3109 sepulturam
1536 3044 1611 3095 dens·

462 3106 607 3167 temporibus,
620 3106 660 3151 abi
675 3108 820 3166 pauperiores
832 3114 899 3154 nunt
912 3107 1021 3165 Rusoni,
1053 3106 1153 3167 puerit,
1165 3108 1324 3173 responderat,
1336 3109 1450 3172 “justam
1463 3108 1504 3157 ire
1518 3124 1569 3157 sua
1585 3109 1612 3159 in

461 3170 508 3217 hoec
520 3170 638 3215 dabuntur
650 3170 886 3232 etrpnrgebnnturin
897 3172 1021 3234 valgium
1057 3168 1157 3233 Ajacem
1179 3186 1277 3219 canum
1298 3187 1351 3222 esse
1370 3172 1483 3228 furorem,
1504 3186 1552 3235 quo
1570 3173 1613 3223 ille

462 3234 557 3295 111,ᾳαί
569 3233 633 3279 ludos
645 3232 747 3307 Florales
758 3234 899 3290 exhibebant,
910 3236 941 3281 nd
951 3235 1021 3309 plau·
1053 3243 1176 3299 correptus
1185 3234 1253 3283 mille
1262 3236 1343 3285 orium
1357 3237 1428 3285 morti
1437 3236 1537 3291 dederit,
1547 3245 1573 3285 et
1586 3254 1614 3287 sc

461 3296 1023 3433 tertiusnullum}
1054 3297 1613 3438 matemautensem

463 3432 562 3537 “tlt
591 3422 822 3536 'multitu
843 3491 959 3549 ..rr-...-
982 3504 1023 3554 μ,
1055 3427 1345 3540 tutatuta?
1361 3428 1615 3549 iffltlffiiit

463 3553 525 3600 tatus
537 3550 604 3625 (nos,
611 3568 675 3625 grou
686 3554 735 3599 und
747 3552 822 3625 ἡγοῦ.)
831 3551 909 3615 lepide
920 3553 1023 3602 hominis
1037 3622 1042 3629 ἤ
1055 3552 1134 3627 Ajaee
1155 3570 1182 3603 sa
1202 3554 1344 3606 insaniorem
1366 3557 1507 3621 praebuisse,¹
1527 3558 1614 3623 probs·

462 3614 1022 3746 ttmbtrttltlffllt¹ss²tff.tfftttt
1054 3626 1145 3730 mid?
1158 3682 1280 3730 ιω..-
1295 3684 1614 3751 watempa-

462 3745 487 3799 4,
500 3746 525 3801 5,
541 3746 650 3805 superbus
668 3742 767 3807 qnidam
786 3744 905 3791 ambulem
924 3755 946 3793 et
962 3748 1022 3793 niam
1054 3752 1103 3793 tate
1113 3744 1139 3793 id
1148 3744 1198 3795 fieri
1205 3746 1277 3810 jussi,
1290 3762 1335 3796 nec
1349 3748 1463 3813 cuiqnam
1474 3750 1505 3799 de
1519 3748 1550 3799 iis
1559 3766 1615 3815 que

462 3806 557 3855 Sacrum
573 3824 625 3855 cum
635 3810 668 3855 tir
680 3810 752 3856 trium
768 3809 880 3856 ulnarum
896 3817 950 3872 toga
963 3826 1022 3857 eme·
1054 3809 1104 3858 lieri
1111 3809 1196 3874 jubeo,
1207 3809 1328 3859 reddenda
1337 3812 1397 3859 rnibi
1413 3822 1450 3863 est
1464 3814 1523 3862 ratio
1532 3831 1541 3873 5
1557 3814 1615 3863 satis

463 3870 612 3919 tirtdicitur.
1054 3874 1156 3937 superbe
1167 3882 1192 3923 et
1243 3876 1264 3923 'e
1278 3875 1439 3925 hoedictum!
1559 3878 1617 3927 ndet

498 3936 553 3983 185.
568 3936 669 3990 Scilicet,
681 3942 708 3982 ut
719 3937 836 3992 nimirum,
845 3938 959 3993 uidelicet,
968 3952 1024 3985 curn
1056 3937 1163 4001 plebeius
1184 3955 1208 3986 m
1240 3948 1290 3988 este
1311 3948 1337 3988 et
1357 3940 1466 3997 breviter,
1488 3942 1521 3989 N'
1550 3946 1616 3991 ultra

462 3997 579 4047 irrisione.
607 4001 728 4061 Agrippa:
747 4000 785 4047 M.
794 3998 926 4063 Vipsanius
936 4002 1023 4065 Agrip-
1055 4018 1140 4063 quero,
1150 4004 1267 4065 plebeius
1284 4020 1315 4053 ne
1325 4003 1456 4067 indigneris
1469 4006 1528 4053 mibi
1539 4007 1570 4055 de
1585 4023 1615 4055 ao

462 4077 502 4126 pa,
515 4078 570 4109 cum
583 4063 615 4111 U.
628 4064 659 4111 C.
674 4078 769 4111 nccxxr
785 4072 869 4127 sponte
883 4063 960 4112 aedilis
975 4066 1023 4114 lac·
1056 4064 1122 4130 quod
1133 4082 1163 4114 ex
1173 4076 1197 4115 te
1208 4067 1325 4132 quesivi;
1342 4069 1393 4116 scio
1406 4084 1445 4117 me
1459 4084 1511 4118 esse
1524 4070 1614 4135 plebei·

462 4134 509 4181 tus,
523 4132 570 4173 tam
589 4125 652 4174 ludis
669 4124 822 4175 Circensibus
839 4134 863 4175 et
880 4129 1023 4192 spectaculis
1055 4144 1105 4187 um,
1117 4139 1142 4179 et
1152 4146 1197 4195 ego
1212 4131 1247 4180 nil
1258 4132 1322 4181 ultra
1336 4141 1423 4181 sonem
1433 4148 1511 4183 mcum
1523 4150 1613 4198 qnaero,

463 4189 696 4251 magnificentissime
706 4190 832 4255 apparatis,
838 4206 910 4254 quam
920 4194 1023 4257 publicis
1054 4195 1113 4248 sive,
1124 4211 1169 4258 ego
1180 4212 1229 4245 non
1239 4212 1313 4261 pergo
1322 4196 1422 4245 ulterius
1432 4212 1546 4262 quarere.

462 4252 569 4303 adificiis
589 4253 745 4318 pulcherrime
761 4256 895 4311 exstructis,
905 4266 931 4305 et
964 4257 1022 4306 luri-
1088 4259 1145 4308 189.
1161 4258 1250 4315 inulto,
1262 4260 1368 4325 impune.

461 4316 507 4366 bus
518 4318 690 4383 aliisoperibus
701 4334 782 4367 ornnes
792 4320 850 4367 alios
860 4274 1022 4385 aediteslongs
1088 4323 1143 4372 191.
1161 4324 1195 4370 Di
1212 4326 1256 4373 tibi
1272 4327 1343 4373 deut:
1362 4324 1444 4373 Schol.
1462 4325 1547 4389 Cruq,
1564 4324 1614 4373 llo·

461 4392 604 4448 superasset,
621 4398 635 4431 a
653 4390 702 4431 toto
720 4384 810 4449 populo
829 4384 948 4441 Romano,
966 4386 1019 4435 nbi·
1052 4389 1162 4435 mertem
1180 4390 1220 4436 loe
1235 4398 1268 4437 est
1281 4388 1368 4453 (iliad.
1378 4389 1396 4445 i,
1410 4388 1469 4451 18):
1486 4387 1615 4454 ’Υμῖνμὲν

460 4462 556 4521 cunque
574 4446 600 4494 in
616 4446 671 4512 ejus
686 4457 840 4513 conspectum
859 4459 964 4506 venerat,
982 4450 1020 4498 in·
1052 4450 1101 4500 θεοὶ
1118 4450 1184 4500 δοῖεν
1194 4452 1322 4518 Ὀλύμπια
1338 4453 1449 4518 δώματί”
1466 4470 1546 4512 οντες.
1560 4451 1615 4504 ’Bs-

353 4558 356 4565 ·
461 4512 626 4624 sublit}
640 4522 753 4626 illl?
768 4512 947 4627 tulit
958 4516 1020 4584 ⁰²⁸³
1051 4513 1615 4633 {dllfftffitfflulultit‘

495 4642 550 4690 186.
568 4639 609 4689 Ad
625 4614 703 4690 lauta
719 4644 798 4705 vulpes
814 4614 900 4715 supple,
914 4643 1019 4709 particu-
1051 4643 1131 4694 ciendi
1141 4617 1217 4694 carisa
1232 4618 1346 4703 scribabt,
1358 4598 1493 4703 ηἶίἓιιοπε,
1504 4656 1532 4695 ut
1547 4649 1615 4695 relli-

460 4702 508 4752 lam
525 4704 708 4771 comparationis
718 4704 801 4763 veluti,
813 4722 901 4773 suptus
919 4708 950 4756 ab
967 4709 1019 4758 llo·
1048 4712 1090 4774 gio
1107 4725 1149 4775 pru
1166 4712 1257 4775 religio,
1269 4713 1361 4761 malit
1380 4726 1422 4775 pro
1438 4713 1531 4769 ntulit,
1546 4719 1572 4762 et
1590 4711 1616 4761 in
