3659 5892
633 536 799 603 LIBER
821 536 868 614 11,
891 538 924 600 2.
1290 538 1354 601 523

292 691 391 758 Unde
407 691 501 757 simul
514 692 654 776 primurn
668 714 719 758 me
734 691 885 756 dimisere
901 689 1059 775 Philippi,

228 796 271 859 50
292 794 424 860 Decisia
438 793 593 859 humilem
607 795 734 879 pennis,
750 795 947 877 inopemque
961 792 1089 877 paterni

294 898 340 962 Et
353 897 431 961 laris
446 906 480 961 et
494 895 599 973 fundi,
615 906 792 981 paupertas
808 894 936 979 impulit
950 895 1059 959 audax

293 999 342 1063 Ut
356 1022 469 1064 versus
483 998 634 1063 facerem.
680 997 759 1075 Sed,
775 996 864 1082 quod
878 1017 945 1061 non
960 996 1058 1073 desit,
1074 994 1261 1074 habentem,

294 1102 380 1175 Quae
394 1111 549 1186 poterunt
564 1122 705 1183 unquam
722 1100 801 1162 satis
815 1120 1001 1183 expurgare
1017 1098 1143 1176 cicutae,

293 1203 340 1267 Ni
354 1202 470 1267 melius
485 1203 626 1267 dormire
640 1212 753 1286 putem
767 1224 865 1285 quam
879 1202 1023 1266 scribere
1038 1202 1174 1266 versus?

230 1307 272 1370 55
294 1304 430 1389 Singula
445 1305 487 1370 de
502 1306 598 1369 nobis
613 1306 689 1368 anni
703 1304 895 1388 praedantur
908 1312 1043 1367 euntes:

295 1408 460 1491 Eripuere
472 1408 577 1491 jocos,
594 1406 770 1483 Venerem,
786 1406 944 1483 convivia,
959 1403 1091 1483 ludum;

292 1508 452 1573 Tendunt
465 1519 661 1592 extorquere
675 1518 835 1592 poemata.
882 1508 975 1580 Quid
990 1507 1106 1571 faciam
1120 1507 1191 1571 visi

294 1608 449 1694 Denique
465 1632 529 1674 non
543 1630 655 1675 omnes
670 1610 784 1674 eadem
798 1610 957 1674 mirantur
971 1620 1162 1693 amantque:

295 1711 447 1775 Carmine
461 1720 499 1774 tu
512 1712 649 1796 gaudes,
664 1710 719 1775 liic
734 1709 917 1775 delectatur
931 1711 1065 1791 iambis;

232 1812 276 1879 60
295 1812 355 1877 Ille
370 1811 504 1877 Bioneis
520 1813 723 1877 sermonibus
738 1822 773 1877 et
788 1812 854 1877 sale
869 1813 975 1897 nigro.

295 1914 381 1979 Tres
395 1915 475 1980 milri
489 1916 633 1979 conrirae
647 1936 752 1999 prope
769 1914 943 1978 dissentire
958 1914 1121 1991 videntur,

298 2016 477 2082 Pascentes
491 2018 582 2081 vario
596 2017 733 2081 multum
748 2016 877 2080 diversa
892 2014 1013 2100 palato.

210 2158 236 2200 et
244 2151 329 2200 Cassia
339 2158 422 2200 contra
434 2150 567 2199 Antomum
578 2159 603 2199 et
614 2151 774 2200 Octavianam
807 2151 883 2214 (quad
899 2169 945 2199 nan
963 2151 1038 2213 datr)
1057 2159 1173 2215 quantum
1191 2148 1304 2206 satiarit,
1320 2150 1367 2199 uisi

210 2223 299 2327 gilini
316 2214 421 2327 deisqum
436 2224 516 2327 autersn
524 2224 570 2327 toel'
577 2216 677 2328 qusqq
686 2229 775 2333 ιιιὸιιιιοιέ
806 2214 889 2327 ἱιιὸὴιι
899 2231 974 2329 rerpm
979 2232 1093 2329 Sippapum
1099 2214 1369 2327 ιιίιιιιιὲὲίῑιίιιιιὶιει(ιίἱζιιιιιὶιι

258 2296 469 2329 um·v1.su.
509 2294 581 2336 a.r‚
620 2315 626 2335 ,
679 2316 686 2336 ‚
730 2299 744 2327 u
806 2298 891 2336 ιυιιν,
911 2296 960 2328 ιι.
1022 2296 1080 2329 ner.
1182 2294 1258 2328 sc.
1333 2294 1366 2327 ιιι.

211 2346 268 2391 miii
284 2314 376 2405 prireret
394 2296 460 2408 tegni
469 2345 574 2391 Romana
590 2346 693 2393 tribuna.
726 2344 773 2391 lte-
806 2345 869 2407 ³45)
886 2344 962 2409 quieti
984 2344 1105 2408 indulgere
1122 2359 1195 2407 quam
1211 2296 1292 2393 tirsus
1302 2294 1366 2392 incri-

210 2422 335 2469 rpemura:
353 2409 394 2472 qui
411 2408 482 2457 alicui
494 2408 527 2456 rei
542 2416 640 2473 purast,
652 2409 690 2458 vel
703 2408 773 2457 resis-
805 2409 861 2457 bere
877 2409 969 2467 malim,
981 2426 1034 2473 que
1051 2409 1147 2458 undem
1163 2422 1268 2473 unquam
1280 2408 1366 2457 cicuta

212 2480 261 2521 tere
272 2480 358 2537 potest,
369 2472 393 2521 ei
404 2476 537 2535 respondere
547 2472 586 2520 uel
596 2490 726 2535 responsare
736 2472 773 2520 di·
806 2474 838 2521 ab
853 2472 949 2521 insania
963 2474 1055 2547 poetica
1071 2489 1108 2522 mc
1120 2472 1178 2521 satis
1189 2488 1288 2537 purgare
1297 2482 1367 2585 ξιο-

212 2534 292 2584 citur:
319 2536 360 2585 vid
376 2552 430 2601 sup.
446 2536 478 2585 ad
494 2538 546 2585 Sat.
558 2537 584 2593 ii,
602 2538 627 2594 7,
639 2540 687 2595 115;
719 2536 774 2585 Cic.
806 2540 880 2586 ruat!
909 2539 1014 2593 brevius,
1038 2536 1080 2586 sed
1101 2552 1156 2585 cum
1178 2552 1243 2585 nunc
1266 2537 1296 2584 ha
1327 2552 1366 2585 am

212 2599 238 2647 in
251 2599 323 2649 Catil.
334 2600 362 2657 ii,
381 2602 420 2657 ll,
437 2602 491 2649 Janr
505 2618 558 2649 aero
569 2604 634 2649 urbes
643 2604 773 2664 provincia·
806 2612 923 2666 quantum
935 2616 995 2666 opus
1005 2610 1041 2650 est
1058 2604 1129 2665 (satis
1139 2604 1198 2649 euim
1208 2618 1327 2664 superque,
1339 2609 1367 2650 ut

211 2680 264 2711 runs
273 2674 295 2713 et
304 2667 481 2726 mrtnicipiorum
489 2668 653 2727 respondebunt
666 2667 774 2715 Catilina
805 2682 860 2731 sup.
873 2665 952 2733 Epod.
967 2669 989 2722 l,
1001 2668 1042 2721 ³1,
1054 2666 1096 2723 ait,
1106 2668 1223 2714 ditaverat
1237 2680 1292 2715 eum
1303 2667 1365 2713 Ma-

214 2731 467 2777 turnutisaib·esrritur.
504 2729 665 2794 Unde,aqua
693 2729 774 2778 uidem
806 2731 898 2779 cenatis
915 2732 1070 2795 tenignitas),
1082 2730 1128 2777 nisi
1139 2730 1211 2777 vitam
1228 2729 1327 2777 otiosam
1343 2738 1367 2778 et

212 2792 306 2841 militia.
331 2794 405 2840 Simul
421 2796 532 2856 prinam,
549 2793 659 2843 simulac·
700 2796 722 2841 le
736 2797 774 2842 dt·
806 2794 905 2844 inertem
927 2810 1025 2861 poeseos
1047 2792 1127 2843 studio
1151 2794 1281 2859 presseram,
1304 2805 1366 2843 nun·

213 2860 292 2905 mirere
302 2858 421 2919 Philippi.-
439 2874 495 2906 cum
505 2858 619 2907 Horatius
629 2868 683 2923 post
692 2858 774 2907 tunes-
823 2876 880 2908 uam
902 2860 934 2907 ab
956 2859 1049 2907 insania
1069 2859 1162 2925 poetica
1181 2858 1258 2907 curari
1309 2866 1367 2906 tero.

212 2929 261 2969 tam
276 2921 306 2969 ad
324 2921 451 3032 Philippos
468 2937 573 2986 pugnam
588 2924 615 2971 ia
632 2922 703 2971 ceteri
720 2923 777 2986 fuga
847 2927 987 2973 ae-aimte.
1012 2926 1093 2972 Cicuta
1104 2932 1140 2972 est
1150 2922 1222 2971 herba
1232 2922 1366 2971 caueloevi

213 2985 362 3049 quaesivisset
380 3002 407 3033 sa
417 2996 481 3034 utem
500 2991 567 3051 (sup.
585 2987 634 3035 0d.
651 2987 678 3042 ii,
696 2988 721 3043 7,
737 2989 775 3042 10,
808 2996 834 3036 et
844 2988 907 3036 binis
923 2988 1011 3036 cubitis
1027 3004 1126 3036 nannun
1144 3004 1199 3035 uam
1210 2985 1302 3043 altiore,
1315 3002 1366 3043 nos,

214 3050 296 3097 Tecum
314 3050 432 3112 Philippos
449 3060 471 3099 et
490 3053 584 3098 celerem
595 3052 683 3117 frigam
703 3052 776 3107 Sensi,
808 3053 947 3115 Scirieriing,
961 3052 1001 3101 cui
1012 3052 1074 3100 inest
1084 3004 1232 3117 vislrigoris,
1243 3066 1291 3114 quo
1301 3050 1368 3101 calor

212 3116 294 3161 relicta
305 3131 351 3161 aon
362 3116 555 3176 beneparrauta),
565 3115 643 3181 lepide
652 3115 704 3181 jam
716 3115 775 3163 Phi·
808 3117 942 3181 sanguinis,
961 3117 985 3165 1ι.
1001 3134 1023 3165 e.
1041 3126 1163 3181 poetarum
1182 3117 1265 3171 fervor,
1285 3124 1366 3173 astus,

213 3177 290 3243 lippos
300 3194 326 3226 se
337 3178 455 3227 dimisisse
465 3178 509 3227 ait.
805 3182 870 3230 iuror
877 3180 1037 3244 extinguitur,
1050 3182 1105 3230 hinc
1113 3180 1209 3229 Persius
1219 3182 1269 3228 Sat.
1277 3196 1300 3237 ν,
1310 3182 1365 3236 141,

246 3245 287 3291 50.
305 3243 393 3290 Deeisis
415 3244 523 3291 barrilers
543 3246 633 3305 pennis.
674 3242 724 3300 Qui
743 3259 774 3293 ex
808 3248 871 3300 Quid
888 3249 931 3293 tibi
945 3249 996 3293 oiri
1012 3248 1087 3295 raticio
1103 3248 1144 3293 rub
1161 3256 1249 3307 pectore
1265 3248 1366 3293 nrascuta

212 3304 267 3354 loco
283 3306 366 3355 altiore
384 3307 492 3371 dejectus
512 3308 592 3356 estin
613 3308 773 3362 humiliorem,
805 3312 858 3358 tilis
878 3310 948 3374 (bilis
967 3320 1052 3365 tumor,
1074 3310 1177 3365 insania,
1196 3310 1366 3374 μελαγχολία)

212 3370 289 3419 velex
301 3382 363 3419 sorte
374 3370 463 3419 laetiore
473 3372 504 3420 de
521 3388 600 3420 cessus
611 3383 647 3421 est
658 3371 689 3419 ad
700 3372 774 3419 tristi·
807 3374 935 3430 inminuit,
943 3392 1011 3437 quam
1020 3391 1065 3422 nan
1075 3377 1197 3423 eatinrerit
1205 3392 1265 3421 urna
1277 3378 1366 3423 cicuta.

213 3448 285 3490 orem,
301 3435 332 3492 ei,
350 3436 492 3500 proverbiali
517 3436 637 3490 acutione,
651 3436 677 3483 in
689 3450 772 3484 verna·
807 3440 899 3494 Cicuta,
918 3437 1016 3501 largiore
1033 3438 1121 3487 haustu
1140 3446 1227 3494 sumta,
1242 3447 1278 3486 est
1294 3454 1366 3488 vene-

214 3498 268 3546 eula
286 3514 384 3563 quoque
400 3516 413 3548 a
433 3500 464 3548 ud
481 3516 525 3548 nos
540 3500 635 3554 usitata,
647 3516 724 3560 penne
735 3500 773 3549 vel
806 3518 872 3559 num,
882 3512 910 3550 ut
918 3504 1024 3551 Socratis
1033 3513 1108 3551 morte
1117 3502 1176 3551 satis
1186 3511 1289 3551 constat.
1319 3503 1365 3549 Hr-

213 3565 398 3611 ataedeeisaeesse
409 3516 530 3613 ‹licamun
556 3564 772 3619 Humiliaaccom·
802 3584 915 3631 purgare,
928 3568 1027 3615 liberare
1042 3568 1227 3623 calare,cicutre
1240 3566 1324 3631 frigore
1340 3566 1365 3615 in

214 3626 307 3675 modate
326 3627 357 3675 ad
374 3643 432 3684 rem,
447 3627 498 3703 qui,
510 3628 597 3677 decisis
615 3628 709 3693 pennis,
725 3646 774 3677 aon
806 3642 899 3697 pectore
910 3631 1025 3680 extincto.

214 3692 317 3757 amplius
328 3708 358 3739 es
368 3692 440 3740 humo
454 3709 479 3740 ιιι
489 3694 564 3741 altum
576 3693 664 3747 volare,
677 3693 702 3739 h.
711 3709 734 3741 e.
744 3692 775 3741 ad
838 3698 870 3743 55
882 3711 936 3761 sqq.
954 3698 1086 3759 Postquam
1101 3695 1214 3743 Horatius
1226 3695 1295 3743 Flam
1313 3708 1365 3750 suo,

215 3764 378 3821 paupertatem
395 3756 506 3805 redactus
519 3772 566 3805 noa
582 3758 686 3822 amplius
696 3772 723 3807 se
733 3772 775 3807 ex·
806 3760 849 3823 qui
865 3760 952 3807 frustra
967 3759 1045 3809 adhuc
1057 3759 1173 3824 promissa
1183 3760 1214 3807 ab
1224 3774 1252 3807 eo
1262 3758 1368 3807 cannina

215 3820 299 3868 tallere
308 3829 333 3869 et
342 3820 407 3869 laute
417 3821 495 3868 vivere
506 3830 591 3886 potest.
807 3833 981 3887 expectarent,
993 3840 1027 3882 se,
1039 3838 1095 3872 curn
1113 3823 1159 3871 sibi
1179 3838 1242 3872 nunc
1257 3830 1368 3933 suppetat

246 3886 288 3932 tt.
301 3886 431 3947 Paupertas
442 3887 528 3942 audas;
541 3900 657 3951 pauperes
667 3887 732 3934 euim
744 3886 775 3935 ad
807 3889 872 3936 unde
880 3889 953 3943 vivat,
963 3905 1034 3938 omne
1045 3889 1177 3937 canninurn
1189 3888 1281 3937 scriben
1299 3902 1366 3935 onim

214 3947 301 3999 famem
309 3949 444 4013 pellendam
451 3954 680 4013 tentantaudentque
685 3951 774 4000 omnia.
806 3952 923 4016 abJ'eclsse
938 3953 1043 4001 studium
1054 3952 1196 4017 significarit
1207 3954 1366 4017 (quamquam

215 4012 246 4059 ln
262 4012 324 4061 banc
341 4013 389 4062 sere
405 4014 546 4063 sententiam
563 4014 661 4063 Persius
677 4014 702 4062 in
714 4018 774 4063 Pro·
806 4017 930 4072 Horatius,
953 4017 1011 4067 dum
1032 4032 1058 4065 se
1077 4016 1183 4067 carmina
1203 4018 1228 4065 ia
1246 4024 1366 4083 posterum

214 4074 269 4139 logo
290 4093 315 4125 v.
335 4077 366 4125 87
384 4093 448 4141 sqq„
467 4079 525 4132 Quis
546 4082 658 4141 expedivit
677 4082 775 4141 psittaco
806 4082 908 4130 scribere
925 4082 987 4131 velle
1009 4090 1088 4156 negat,
1108 4083 1153 4130 boc
1175 4081 1252 4147 ipsum
1271 4096 1366 4129 cannen

214 4156 281 4188 suum
293 4142 381 4201 Χαῖρε,
396 4143 506 4205 Pisasque
519 4146 597 4191 docuit
614 4146 681 4191 verba
696 4156 773 4193 nostra
806 4146 923 4209 scripsit),
936 4162 1001 4196 nunc
1020 4147 1080 4194 alias
1095 4146 1214 4195 subnectit
1230 4160 1323 4202 causas,
1336 4160 1365 4193 es

215 4208 310 4253 maurit
343 4207 457 4270 Magister
474 4210 541 4263 artis,
559 4210 682 4271 ingeritque
700 4210 774 4272 iargi-
806 4211 895 4274 quibus
909 4210 988 4275 poesis
1002 4211 1068 4277 apud
1084 4226 1110 4259 se
1125 4225 1190 4259 nunc
1202 4210 1300 4274 frigeat:
1317 4208 1365 4273 pri·

215 4278 259 4326 tar,
283 4270 376 4325 Venter,
399 4280 494 4333 negatas
515 4276 601 4337 artit'er
621 4276 684 4335 sequi
705 4290 774 4321 voees.
806 4290 872 4322 murn
892 4275 997 4339 quidem,
1019 4274 1156 4340 quodcum
1178 4282 1246 4323 aetate
1262 4282 1367 4321 mutetur

216 4333 329 4382 Ceterum
341 4335 456 4383 Horatius
466 4336 620 4401 paupertatis,
628 4337 774 4400 quaadver-
807 4340 916 4399 animus;
933 4356 982 4389 nou
999 4340 1095 4405 placent
1108 4339 1172 4388 enim
1188 4346 1257 4387 etate
1268 4352 1365 4401 provec-

215 4412 256 4445 sus
274 4398 410 4447 scribendos
427 4414 453 4448 se
469 4398 581 4449 adactum
598 4416 650 4448 esse
667 4401 774 4461 simulat,
807 4404 874 4459 tiore,
892 4420 948 4468 qum
988 4404 1057 4453 uerili
1078 4414 1103 4453 et
1120 4402 1221 4469 juvenili
1241 4404 1366 4466 placuere:

216 4462 361 4526 professione
375 4472 458 4528 poetas
472 4463 593 4513 famelicos
607 4474 689 4515 notare
699 4475 724 4517 et
733 4467 775 4516 de·
807 4467 902 4525 deinde,
914 4484 946 4533 qu
992 4484 1035 4534 pro
1050 4468 1148 4519 diversis
1163 4466 1285 4515 bominum
1299 4466 1367 4529 inge-

216 4524 290 4574 ridere
303 4527 407 4577 voluisse
418 4528 519 4576 videtur.
808 4531 855 4580 niis
864 4548 911 4581 non
921 4533 1007 4597 cuique
1016 4534 1142 4598 probentur
1152 4542 1273 4597 poetarum
1280 4529 1368 4579 diversi

248 4592 355 4639 52-54.
367 4593 419 4648 Sed,
427 4595 487 4656 quad
496 4609 541 4640 non
551 4594 618 4647 derit,
626 4601 683 4642 cett.
704 4594 777 4643 Hunc
808 4598 902 4660 generis
912 4598 1034 4657 carmina,
1052 4598 1114 4646 alius
1124 4598 1178 4653 hoc,
1187 4594 1249 4643 alius
1259 4595 1302 4643 illo
1314 4609 1366 4643 car·

215 4653 306 4710 locum,
316 4654 359 4720 qui
368 4656 447 4721 plures
457 4657 595 4722 interpretes
606 4658 690 4707 misere
702 4659 777 4716 torsit.
808 4661 899 4709 minum
913 4677 999 4725 genere
1009 4662 1155 4711 delectatur:
1173 4668 1234 4715 tum,
1246 4659 1310 4725 qnod
1321 4658 1367 4707 sibi

215 4718 250 4767 ita
261 4718 415 4780 interpretor:
434 4721 482 4770 Sed
492 4736 558 4771 nunc
569 4736 608 4771 ma
619 4723 778 4788 possidentem
809 4726 835 4774 in
854 4727 912 4774 urbe
931 4726 1020 4776 viventi
1037 4734 1072 4776 tot
1089 4740 1152 4775 curte
1171 4732 1195 4775 et
1212 4724 1307 4789 negotia
1327 4738 1368 4787 per
