3659 5892
467 505 532 573 408
879 497 1201 565 SATlRARUM

553 656 655 729 Quod
670 656 802 721 nimium
817 654 980 721 institerat
992 653 1123 717 viventi.
1169 649 1295 714 Cautus
1309 651 1419 716 adito:

555 757 635 823 Neu
650 759 739 823 desis
754 779 874 843 operae,
891 777 972 821 neve
987 754 1218 819 immoderatus
1232 752 1392 819 abundes.

488 861 532 925 90
553 860 730 927 Difficilem
743 870 778 925 et
791 880 955 926 morosum
970 855 1117 921 offendes
1130 852 1293 939 garrulus.
1338 852 1438 917 Ultro·

553 963 633 1027 Non
648 962 748 1026 etiam
762 960 868 1025 sileas.
914 959 1030 1023 Davus
1046 958 1090 1021 eis
1105 956 1259 1031 comicus,
1275 964 1375 1038 atque

555 1066 630 1129 Stes
645 1065 752 1149 capite
768 1064 911 1146 obstipo,
925 1061 1063 1125 multum
1076 1056 1188 1121 similis
1202 1055 1371 1119 metuenti.

554 1166 727 1250 Obsequio
742 1184 911 1251 grassaret
932 1182 1039 1238 mone,
1056 1161 1085 1225 si
1096 1158 1258 1225 increbuit
1273 1178 1364 1233 aura,

554 1267 681 1333 Cautus
696 1269 745 1339 uti
760 1266 845 1331 velet
859 1284 971 1330 carum
982 1272 1100 1347 eaput:
1124 1257 1261 1325 extrahe
1276 1257 1375 1321 turba

491 1370 534 1433 95
557 1369 731 1455 Oppositis
746 1367 907 1433 humeris:
931 1386 1043 1429 aurern
1057 1362 1244 1445 substringe
1257 1358 1397 1442 loquaci.

556 1470 764 1555 Importunus
780 1479 866 1533 amat
879 1466 1028 1532 laudarit
1052 1466 1169 1541 donec,
1185 1460 1263 1526 ohe
1273 1463 1361 1546 jam!

554 1570 611 1636 Ad
629 1573 746 1638 coelum
760 1572 909 1635 manibus
925 1568 1073 1643 sublatis,
1089 1565 1221 1641 dixerit,
1237 1584 1333 1647 urge,
1347 1572 1382 1625 et

555 1672 764 1739 Crescentem
779 1671 911 1737 tumidis
926 1669 1005 1734 inda
1017 1668 1221 1733 sermonibus
1236 1675 1353 1730 utrem.

556 1774 670 1847 Quum
684 1784 716 1839 te
732 1773 863 1839 servitio
877 1771 977 1855 longo
990 1791 1134 1853 curaque
1148 1767 1275 1844 levarit,

472 1875 534 1947 100
555 1871 603 1941 Et
618 1886 742 1941 certum
756 1873 904 1959 vigilans,
921 1871 1060 1944 Quartoe
1073 1880 1146 1935 esto
1160 1868 1263 1953 partis
1280 1865 1431 1950 Ulysses,

554 1976 724 2052 Audieris,
740 1973 864 2039 haeres:
889 1994 969 2057 ergo
983 1994 1070 2037 nunc
1085 1971 1194 2035 Dama
1208 1969 1329 2034 sodalis

554 2078 729 2162 Nusquam
743 2078 815 2143 esti
839 2074 927 2149 unde
941 2073 1021 2138 mihi
1035 2084 1101 2137 tarn
1116 2070 1245 2149 fortem,
1259 2080 1390 2154 tumque
1404 2070 1553 2136 fidelem?

559 2180 686 2265 Sparge
702 2176 859 2241 subinde:
882 2184 928 2253 et,
945 2176 973 2238 si
987 2173 1120 2259 paulum
1134 2182 1230 2257 potes
1244 2171 1446 2237 illncrimare.
1491 2173 1554 2239 Est

563 2279 698 2344 Gaudia
712 2277 905 2362 prodentem
920 2275 1045 2340 vultum
1060 2274 1177 2339 celare.
1223 2273 1431 2359 Sepulcrum,

500 2472 541 2534 si.
558 2484 670 2547 Improba,
682 2498 731 2533 nnn
744 2482 776 2533 ad
786 2482 871 2533 vetula
888 2498 974 2540 meree,
985 2480 1028 2531 red
1059 2496 1125 2531 more
1142 2495 1237 2531 sumum
1252 2478 1353 2534 trabere,
1371 2478 1398 2528 Ιι.
1411 2494 1436 2528 e.
1452 2474 1559 2541 arrigere,
1569 2476 1618 2531 rel.

468 2548 499 2597 ad
515 2548 626 2597 festivum
642 2548 694 2613 ejus
708 2546 839 2611 ingenium,
851 2550 901 2596 sive
914 2547 945 2596 nd
960 2562 1028 2595 man·
1060 2545 1125 2610 quod
1144 2559 1199 2611 sup.
1222 2542 1271 2592 Od.
1293 2543 1320 2599 ii,
1344 2545 1384 2599 19,
1406 2546 1431 2600 4,
1449 2542 1536 2591 dicitur
1552 2558 1620 2590 eum

468 2612 558 2668 datum,
569 2611 692 2677 ingeniose
705 2611 730 2660 in
747 2620 889 2661 testamento
903 2612 935 2659 ab
946 2626 975 2661 ea
985 2627 1028 2661 ex·
1060 2626 1156 2657 uenere:
1173 2624 1226 2664 nos,
1236 2610 1274 2656 die
1286 2608 1364 2655 Obren
1374 2610 1470 2669 rpitaes.

468 2676 608 2740 cogitatum,
619 2675 787 2735 referendum
803 2674 867 2741 apud
878 2690 1029 2740 unaqueque
1090 2674 1198 2722 sti-se.
1212 2674 1319 2721 Sensus:
1348 2670 1379 2727 ri,
1400 2680 1428 2719 ut
1444 2670 1515 2719 homo
1532 2671 1617 2734 impor-

467 2755 516 2789 non
527 2755 599 2789 sensu
610 2738 851 2805 proprio,eedjocose
858 2754 1030 2803 nonnunquam
1059 2745 1133 2785 tunna
1151 2737 1280 2801 (molestus
1292 2734 1357 2785 enim
1374 2743 1400 2783 et
1414 2736 1509 2800 ineptus
1525 2744 1562 2784 est
1578 2733 1619 2797 qui

469 2802 558 2867 aliquis
569 2813 673 2861 vocatur,
684 2806 776 2867 gottlor.
1077 2816 1165 2849 ratane
1174 2800 1257 2849 laudes
1264 2814 1321 2848 suas
1326 2798 1409 2847 audire
1415 2799 1506 2865 eupit),
1514 2808 1560 2849 ate
1567 2800 1617 2847 lau·

501 2867 541 2923 87,
558 2868 650 2915 Scilicet
661 2870 680 2915 si
689 2866 908 2929 porrer,eoscilicat
918 2864 1027 2922 coneilio,
1059 2818 1111 2913 dari
1128 2873 1190 2922 avet,
1204 2864 1302 2914 cumula
1317 2872 1342 2912 et
1359 2864 1434 2912 obrue
1447 2879 1504 2913 eum
1518 2872 1568 2913 tam
1577 2862 1618 2911 diu

469 2946 525 2979 num
537 2931 596 2979 sorte
607 2940 695 2995 portet.
1058 2927 1180 2985 laudibus,
1190 2928 1276 2983 donec,
1288 2927 1390 2977 sublatis
1400 2928 1425 2976 in
1441 2928 1535 2976 ooelnru
1544 2927 1617 2977 mani-

500 2996 542 3043 88.
566 2994 655 3044 Cautus
676 2997 747 3053 odiro,
771 2994 834 3045 idem
853 2994 919 3059 quod
942 3010 967 3041 v.
986 2994 1028 3049 ts,
1059 2993 1113 3050 bue,
1131 2994 1179 3041 Olu
1188 2997 1243 3056 jaer
1256 2990 1480 3047 sanaemdirerit:
1498 2994 1618 3040 ιιιιιιιιιιιιᾱ

469 3060 552 3107 leuiter
563 3062 655 3120 adrepe.
1058 3059 1139 3105 ooelum
1156 3059 1235 3105 toliere
1253 3056 1367 3112 solemus,
1386 3072 1441 3105 eum
1455 3054 1558 3119 insignis
1575 3055 1618 3103 ali·

499 3122 541 3171 89.
573 3122 635 3170 Nem
668 3124 828 3171 immoderatas
854 3124 964 3178 abundes,
992 3136 1028 3170 ec.
1060 3121 1131 3185 cujus
1141 3121 1176 3169 rei
1186 3119 1343 3169 admiratione
1353 3120 1513 3183 percellimur.
1547 3120 1620 3168 Direr

466 3200 545 3297 opera,
562 3201 620 3235 neve
636 3186 669 3233 sis
686 3186 711 3234 in
728 3185 773 3234 hac
790 3201 861 3251 opera
878 3185 976 3241 nimius,
987 3186 1029 3249 (nt
1059 3184 1185 3248 eeneani
1195 3183 1325 3241 inducitur,
1338 3183 1458 3248 quamvis,
1470 3183 1528 3231 dnm
1538 3184 1620 3233 laude

466 3248 483 3299 il
494 3266 516 3306 e,
526 3248 567 3314 qui
577 3247 666 3305 viventi
674 3249 760 3303 vetule
769 3248 870 3298 nimium
880 3248 1025 3314 institerat):
1059 3262 1116 3297 suar
1132 3248 1208 3305 audit,
1219 3247 1334 3298 vinnium
1350 3262 1448 3296 suarum
1465 3247 1620 3297 admiratione

467 3316 519 3370 iios,
531 3316 585 3361 uber
596 3316 722 3363 iibcrrrribe
733 3330 754 3363 er
765 3315 837 3361 nicbt.
1060 3311 1093 3361 ita
1102 3312 1248 3377 percellitur,
1259 3320 1287 3361 ut
1296 3326 1382 3361 manue
1392 3312 1424 3360 ed
1434 3312 1524 3361 coelum
1543 3312 1618 3369 tollet,

470 3369 474 3376 4

498 3379 540 3491 30.
558 3377 693 3441 Difficilem
705 3376 864 3427 fastidiorum.
1058 3384 1138 3425 tamen
1149 3376 1305 3432 laudatorem,
1313 3384 1429 3440 tanquam
1437 3376 1463 3423 iu
1473 3376 1621 3425 celebrandis

518 3444 540 3503 l,
560 3442 582 3489 U
584 3444 628 3497 iri-o
648 3442 700 3489 Non
719 3446 788 3491 etiem
805 3444 880 3499 rileor,
893 3457 937 3490 nec
947 3439 1028 3490 tamen
1059 3437 1134 3505 ipsius
1145 3439 1256 3489 laudibus
1267 3438 1377 3497 nimium,
1388 3448 1467 3489 tacere
1477 3443 1541 3501 (uon
1551 3441 1619 3498 serio,

466 3502 537 3559 sileas
548 3505 605 3553 data
613 3520 692 3571 opem,
702 3505 751 3555 sive
762 3504 881 3554 consulto.
916 3506 1027 3563 Combur,
1059 3504 1352 3578 rodsimulanter)jubet.
1385 3497 1618 3568 Enegregisadum·

465 3568 490 3617 in
503 3569 620 3619 eomoedia
630 3568 793 3619 adumbratus.
1060 3567 1152 3616 beatam
1162 3568 1282 3632 ejusmodi
1291 3568 1348 3616 vani
1358 3567 1463 3619 bominis
1475 3567 1617 3631 imaginem!

497 3634 539 3685 92.
558 3634 638 3697 Cupite
649 3636 741 3694 obstipo,
754 3632 785 3681 ad
796 3638 883 3682 terram
892 3630 1023 3692 inclinato,
1058 3629 1175 3695 Obejum!
1190 3641 1218 3680 ut
1228 3648 1282 3697 sup.
1293 3634 1344 3681 Sat.
1353 3631 1371 3689 i,
1382 3632 1408 3690 6,
1419 3627 1457 3690 12',
1467 3633 1573 3695 Obejeer
1582 3650 1619 3681 ru·

464 3694 1025 3811 {illitttlelt‘leibnitii&
1058 3696 1618 3812 “⁸“lb'ttti‘ttttttzttllttl2

464 3826 547 3874 tentis.
581 3776 1027 3881 Mulierisleimir,mu1ta'mviii-
1058 3774 1249 3873 ieinr‘sdlaudibus.
1267 3777 1358 3889 {lepide
1367 3823 1485 3881 laudator,
1495 3824 1619 3893 quirinae

464 3888 579 3937 cundiam
597 3896 645 3963 pra
662 3904 687 3939 ee
705 3888 803 3939 ferenti:
821 3898 921 3937 metuere
993 3888 1026 3935 im
1058 3885 1143 3937 landes
1158 3888 1248 3955 spargit
1256 3888 1296 3937 vel
1313 3886 1396 3945 adflit,
1406 3896 1464 3936 cum
1474 3900 1554 3945 rento,
1565 3889 1618 3937 lau·

464 3967 516 4017 pro,
532 3968 614 4009 vereri,
632 3952 750 4018 precipue
766 3952 797 4003 de
814 3951 895 4005 servis.
952 3951 1026 4001 iude
1057 3950 1137 4008 datur,
1165 3953 1274 4001 uirauae
1293 3950 1377 4000 lauder
1394 3952 1478 4017 recipit
1495 3957 1520 4010 'et
1536 3947 1566 4000 iie
1580 3954 1617 4002 in·

465 4016 792 4073 Seneet.e.11,merunanr
809 4018 1026 4075 ιιιιιὶ,ιιετιὸαιιιιιι
1057 4016 1157 4065 tumesci
1187 4031 1243 4066 cum
1253 4020 1316 4073 utre,
1324 4015 1365 4071 cui
1378 4025 1466 4067 ventur
1476 4015 1618 4074 immittitur,

465 4081 633 4135 liber-immin
643 4083 847 4130 amorrhobrbant.
1057 4085 1109 4131 com
1168 4088 1215 4129 tur.

494 4145 537 4193 93.
555 4144 663 4207 Obsequio
695 4161 798 4193 cauere:
818 4142 1023 4208 dumqnnviaob-
1121 4145 1210 4192 -103.
1223 4138 1302 4198 Quum
1313 4153 1335 4193 te
1345 4146 1437 4193 serebia
1448 4146 1541 4193 lecerit.
1557 4146 1618 4193 Sen-

463 4207 542 4271 eequii
576 4222 645 4257 enere
663 4161 757 4275 piacere
775 4208 866 4265 studes,
883 4206 985 4273 procede
1000 4216 1026 4257 et
1056 4216 1232 4257 euertuexne:
1250 4206 1336 4271 quodsi
1352 4223 1408 4257 vero
1422 4224 1495 4257 senex
1512 4217 1618 4258 mortum

463 4224 929 4385 selesiensem
946 4270 1025 4321 iit
1056 4270 1619 4398 sm*

493 4401 535 4448 95.
551 4403 638 4449 Aurem
659 4404 789 4465 rubttringe
811 4402 917 4463 ὶοᾳιιιιιίι
943 4399 965 4447 si
986 4408 1023 4449 est
1053 4409 1141 4473 quarte
1155 4402 1231 4461 pertis
1247 4401 1315 4448 beret
1329 4410 1384 4455 erto,
1396 4408 1447 4449 tum
1463 4416 1548 4465 sparge
1558 4354 1617 4448 iub-

462 4462 560 4528 loquax,
581 4468 723 4521 substrictas,
743 4464 770 4522 b,
789 4480 812 4513 s.
831 4471 935 4513 arrectas
955 4478 1024 4512 aures
1054 4462 1111 4512 inde
1139 4460 1258 4526 ejusmodi
1279 4464 1408 4527 querelas:
1443 4464 1507 4527 Ergo
1528 4463 1617 4512 sodalis

460 4526 557 4591 loquaci
582 4528 751 4579 accommoda:
780 4545 848 4577 ιιιινιι
869 4530 1024 4591 substringere
1054 4542 1123 4575 meua
1134 4528 1215 4575 Dama
1226 4542 1344 4592 nusquam
1355 4528 1381 4576 in
1391 4529 1437 4577 bac
1445 4535 1507 4577 terra
1515 4528 1617 4593 amplius

458 4590 509 4654 jam
527 4602 570 4649 est,
588 4608 656 4642 aures
672 4592 702 4645 ad
719 4590 811 4657 aliquid
822 4589 957 4641 accuratius
998 4608 1021 4639 r·
1053 4590 1185 4657 reperiturl
1211 4590 1275 4640 unde
1294 4592 1367 4641 alium
1387 4590 1447 4641 mibi
1465 4600 1514 4641 tam
1533 4592 1616 4641 mrtem

460 4654 596 4720 cipiendum
618 4672 706 4705 canum
724 4663 749 4707 et
764 4656 864 4706 aliorum
882 4654 962 4704 anima
981 4670 1026 4710 ιιιιι,
1053 4664 1077 4706 et
1096 4654 1189 4705 fidelem
1205 4656 1311 4723 parabol
1348 4655 1417 4705 Etsi
1436 4657 1535 4720 paulum
1550 4664 1616 4723 potes
