3659 5892
488 542 554 607 444
867 526 1264 597 EPISTOLARUM

576 690 715 756 Nodosa
729 709 849 773 corpus
865 686 948 751 nolis
962 682 1139 770 prohibere
1154 681 1323 765 cheragra.

577 792 642 857 Est
656 792 796 876 quadam
810 789 944 876 prodire
958 798 1066 862 tenus,
1083 784 1192 849 sinon
1206 783 1306 847 datur
1321 779 1417 845 41444.

576 894 697 960 Fervet
711 892 846 958 avaritia
859 891 1044 972 miseroque
1058 884 1214 970 cupidine
1227 884 1367 968 pectus?

577 996 662 1061 Sunt
677 996 777 1059 verbe
791 1003 826 1059 et
841 1014 949 1069 voces,
964 990 1085 1075 quibus
1100 987 1188 1052 huuc
1200 985 1303 1051 lenire
1319 984 1466 1049 dolorem

510 1099 556 1165 35
577 1098 703 1175 Possis,
717 1107 752 1161 et
765 1116 914 1180 magnam
928 1092 1035 1157 morbi
1048 1091 1215 1175 deponere
1230 1096 1369 1171 partem.

577 1199 704 1264 Laudis
717 1219 826 1263 amore
841 1196 970 1261 tumeat
992 1204 1071 1258 suut
1085 1202 1175 1258 certa
1186 1188 1327 1276 piacula,
1344 1210 1420 1273 quse
1435 1198 1469 1251 te

579 1301 649 1367 Ter
663 1322 746 1384 pure
760 1297 847 1363 lecto
861 1307 1018 1381 poterunt
1031 1314 1180 1359 recreare
1192 1290 1313 1357 libello.

577 1404 725 1480 invidus,
740 1401 930 1476 iracundus,
945 1399 1045 1475 iners,
1060 1396 1204 1472 vinosus,
1218 1394 1365 1458 amator?

577 1505 686 1570 Nemo
701 1504 785 1568 adeo
800 1500 889 1567 ferus
903 1510 966 1577 est,
981 1509 1100 1563 utnon
1113 1496 1284 1560 mitescere
1300 1493 1418 1578 possit,

512 1606 556 1671 44)
577 1606 614 1670 Si
628 1604 727 1671 modo
742 1602 878 1669 culturae
893 1602 1071 1687 patientem
1085 1598 1270 1663 commodet
1283 1618 1407 1661 aurem.

577 1706 694 1773 Virtus
709 1716 761 1772 est
775 1706 888 1770 vitium
902 1702 1030 1787 fugere,
1044 1711 1080 1766 et
1094 1700 1255 1785 sepientis
1268 1699 1374 1783 prims

578 1808 725 1873 Stultitia
739 1807 893 1873 caruisse.
939 1804 1058 1881 Vides,
1073 1826 1148 1888 quae
1162 1802 1301 1865 maxima
1315 1800 1426 1865 eredis

580 1908 667 1975 Esse
680 1909 776 1987 mala,
791 1908 948 1992 exiguum
962 1928 1107 1984 censum,
1122 1916 1316 1989 turpemque
1330 1900 1506 1988 repulsam,

579 2011 713 2084 Quanto
728 2009 853 2075 devites
866 2010 964 2075 animi
978 2008 1159 2092 capitisque
1173 2007 1303 2072 labore:

516 2114 560 2178 45
581 2110 725 2197 impiger
739 2122 902 2177 extremos
917 2110 1021 2175 curris
1036 2118 1196 2174 mereator
1209 2107 1253 2171 44
1268 2106 1381 2183 indos,

580 2212 646 2279 Per
659 2234 748 2277 mare
763 2214 954 2298 pauperiem
969 2210 1110 2297 fugiens,
1125 2231 1186 2294 per
1200 2230 1290 2286 saxa,
1306 2230 1367 2292 per
1380 2209 1492 2292 ignes:

493 2414 544 2449 rum
556 2405 660 2455 brorum,
671 2398 752 2447 minna
767 2405 996 2453 autoramentum
1010 2398 1053 2445 ab·
1085 2408 1154 2460 posse
1174 2393 1334 2459 putabantur:
1355 2392 1408 2442 444.
1430 2391 1584 2447 Lambinum,
1604 2390 1647 2468 qni

490 2464 571 2529 jicies.
605 2464 644 2511 De
659 2463 767 2527 Lynceo,
778 2461 915 2511 acutissima
929 2461 1055 2510 oculorum
1085 2458 1232 2523 comparavit
1251 2474 1349 2523 quoque
1368 2474 1425 2507 cum
1444 2457 1543 2507 Horetio
1563 2458 1646 2521 Ennp.

493 2527 546 2577 scie
555 2526 749 2584 celebratissima,
759 2525 810 2575 vid.
820 2541 875 2591 sup.
886 2524 918 2574 44
933 2526 987 2573 Sat.
997 2524 1016 2579 i,
1028 2525 1054 2579 2.
1086 2522 1258 2587 Hippotem,
1271 2522 1343 2573 Εἰσὶν
1360 2522 1381 2572 δ’
1397 2521 1501 2587 lupini,
1518 2524 1560 2571 eoi
1577 2522 1645 2585 λόγω

493 2592 535 2641 90.
569 2590 668 2665 Inungi,
690 2604 727 2639 sc.
750 2588 863 2655 collyriis.
897 2590 945 2639 Per
967 2590 1057 2651 lipposa
1086 2586 1230 2653 3444444444·
1244 2587 1389 2648 hauriendi
1400 2605 1428 2637 re
1439 2584 1510 2647 444444
1521 2586 1645 2652 φάρμαων

494 2670 542 2705 noa
565 2653 673 2717 intelligo
698 2652 794 2719 proris
819 2652 853 2702 ita
878 2655 909 2702 eb
934 2652 1057 2702 oculorum
1088 2651 1172 2701 44444.

494 2718 576 2767 morbo
594 2716 696 2774 dictum,
777 2717 857 2766 minos
874 2724 968 2767 tentam
987 2724 1058 2765 44444
1120 2716 1163 2764 35.
1181 2715 1267 2772 Morbi,
1279 2715 1403 2775 everitie;
1418 2717 1519 2774 4444444,
1531 2715 1645 2771 utrisne,

494 2790 650 2841 cernentem
676 2782 751 2844 lippos
773 2780 838 2831 enim
858 2780 909 2847 jam
931 2779 1058 2845 opponitur
1087 2779 1191 2829 devitiis
1203 2780 1343 2829 bomioomz
1360 2780 1392 2831 cl.
1403 2796 1458 2846 sup.
1469 2780 1522 2828 Set.
1533 2778 1561 2835 ii,
1571 2780 1596 2837 3,
1606 2778 1645 2835 47,

494 2846 595 2959 ippum
628 2844 727 2895 Scilicet
746 2844 870 2901 Horatius,
890 2852 919 2894 ut
936 2845 987 2909 jam
1003 2859 1058 2909 sup.
1087 2853 1114 2893 44
1122 2845 1182 2893 254.

538 2912 588 2957 Set.
599 2909 616 2967 i,
632 2912 654 2965 1,
667 2911 722 2965 120,
734 2918 759 2959 et
769 2912 820 2959 Set.
831 2909 849 2965 i,
860 2912 885 2966 b,
897 2912 930 2959 ³0
943 2906 1059 2974 suspicati
1120 2908 1162 2964 36,
1174 2909 1216 2957 37.
1234 2908 1330 2957 Tomos?
1346 2921 1389 2974 pro
1399 2906 1501 2973 vulgari,
1513 2906 1599 2971 plenus
1609 2906 1646 2954 441

495 2973 708 3031 444444,44444114
723 2972 773 3021 4144
786 2988 860 3023 cause
870 2983 920 3022 tam
935 2988 1000 3039 sepe
1011 2974 1057 3034 lip-
1119 2970 1201 3020 'terisl
1217 2981 1242 3021 et
1255 2971 1291 3021 sic
1308 2983 1383 3020 torreor
1397 2971 1428 3021 de
1444 2972 1530 3037 queris
1546 2971 1647 3035 gaviae

493 3054 577 3099 porum
596 3037 739 3086 mentionem
759 3037 844 3087 secisse
862 3038 964 3092 4444444,
984 3052 1058 3111 quam
1088 2986 1216 3085 gentium
1230 3044 1256 3085 et
1265 3035 1406 3102 444ρί444444,
1416 3051 1466 3101 qua
1478 3044 1544 3084 totus
1557 3035 1648 3084 4444444

495 3108 523 3149 44
537 3100 690 3157 adveneritis,
703 3100 853 3167 lippitudinis
862 3102 947 3151 4444444
957 3100 1003 3165 ipsr
1014 3116 1056 3149 ex·
1087 3103 1233 3150 intumescit:
1249 3100 1299 3149 vid.
1316 3101 1443 3150 Bentleim
1459 3100 1505 3149 inl.
1522 3099 1554 3149 44
1573 3098 1648 3165 Epist.

494 3165 641 3229 probantes,
651 3164 735 3215 deboc
746 3165 848 3215 4144444
859 3164 962 3217 convicii
972 3179 1058 3228 genem
1089 3162 1121 3212 44
1137 3164 1191 3213 Pis.
1200 3181 1224 3213 4.
1239 3166 1294 3214 197.
1326 3165 1387 3213 Sunt
1403 3174 1467 3215 serto
1481 3166 1586 3228 pineolo,
1601 3178 1647 3227 pse

496 3227 591 3277 rideret.
1089 3236 1121 3285 te,
1131 3236 1189 3277 4444.
1200 3236 1258 3278 sunt
1267 3236 1333 3279 44444
1347 3228 1462 3284 remedia,
1474 3228 1564 3293 quibos
1573 3226 1649 3276 144444

527 3294 570 3341 30.
587 3292 672 3340 Inuicti
686 3292 809 3356 Glyconis.-
828 3291 921 3343 ridetur
936 3293 969 3343 Gr
985 3309 1010 3341 eo
1020 3293 1058 3341 44·
1089 3291 1310 3357 cupiditatemque
1318 3301 1404 3359 pactas
1413 3302 1483 3342 tunm
1491 3300 1578 3367 tinget,
1586 3306 1648 3340 conr·

495 3357 543 3407 isse
563 3356 651 3405 nobilis
667 3356 766 3415 athlete,
777 3358 808 3405 ob
824 3356 930 3424 corporis
946 3309 1018 3407 robur
1034 3366 1059 3406 44
1089 3371 1186 3421 peecare
1196 3364 1222 3406 et
1230 3358 1384 3424 comprimere
1394 3366 1471 3423 poros,
1482 3372 1572 3422 sepsos
1585 3355 1648 3404 scili·

494 3420 629 3471 4444444444
639 3420 752 3470 invictus.
1089 3429 1231 3486 oetetpnro
1242 3422 1322 3470 animo
1332 3421 1433 3487 legendo
1442 3421 1537 3471 libellos
1546 3420 1648 3487 pbiloso-

528 3486 569 3533 31.
587 3484 685 3542 Nodoso,
701 3486 826 3545 tuberum,
845 3484 880 3535 sic
900 3482 966 3549 sputi
984 3484 1058 3535 Osiri.
1090 3484 1200 3550 pboram,
1211 3502 1313 3551 quorum
1330 3486 1456 3552 preceptis
1474 3501 1544 3550 reque
1558 3500 1588 3534 44
1601 3484 1648 3550 pia-

498 3550 537 3597 Ex
548 3550 621 3599 Pont.
632 3549 650 3607 i,
662 3550 687 3605 3,
699 3551 741 3606 23,
751 3552 855 3613 podagro
866 3548 954 3598 dicitur
964 3552 1057 3598 444444.
1090 3548 1153 3598 culis
1162 3549 1258 3615 purgari
1268 3558 1340 3615 etque
1349 3567 1380 3601 es
1398 3550 1403 3560 '
1433 3551 1438 3561 '
1451 3558 1528 3615 potes.

529 3615 570 3663 ³2.
587 3614 629 3661 Est
640 3616 740 3677 quodum
749 3616 922 3675 prodire,·cett.
930 3612 989 3663 lieet
999 3614 1058 3677 (est,
1122 3614 1164 3663 33.
1175 3615 1281 3671 4444444,-
1288 3614 1332 3680 qui
1339 3566 1452 3664 4444ἓὲ4
1462 3622 1575 3672 sectetur,
1582 3612 1650 3661 homo

497 3676 550 3728 4444
568 3693 619 3742 pro,
630 3677 721 3741 744444)
739 3675 771 3725 44
786 3685 878 3727 certum
896 3692 973 3741 usqua
988 3678 1060 3727 linem
1090 3675 1243 3727 libidinosos.

513 3742 613 3806 regredi,
633 3742 654 3790 si
675 3742 775 3791 ulterius
794 3740 903 3809 progredi
925 3758 974 3791 non
994 3741 1060 3792 licet.
1125 3743 1168 3791 40.
1185 3743 1300 3801 carrara,
1311 3741 1446 3810 preceptis,
1456 3742 1545 3808 quibos
1559 3740 1651 3791 4444444

496 3758 635 3855 lectionem
653 3808 752 3870 pandora
764 3815 839 3863 4444444,
850 3822 893 3871 pro
903 3804 997 3869 vnlgsri
1012 3807 1061 3856 lec·
1091 3806 1223 3857 excolatur.

496 3869 560 3919 tione
582 3872 678 3943 quodam
700 3871 738 3919 441
761 3872 874 3935 ,mima
895 3881 970 3928 44444,
993 3878 1057 3921 recte
1120 3872 1162 3919 43.
1178 3871 1298 3934 Esigum
1315 3887 1416 3927 4444444,
1433 3871 1548 3936 exiguum
1564 3869 1599 3919 rei
1615 3868 1648 3917 44·

497 3932 602 3983 deleodrt
621 3934 747 3985 Bentleius
755 3952 763 3993 ς
780 3944 846 3985 team
861 3934 935 3991 enim,
948 3934 990 3983 ubi
1002 3950 1056 4001 pro·
1088 3934 1189 3985 miliaria
1197 3934 1310 3983 modom:
1326 3952 1405 3985 444444
1416 3938 1497 3991 brevis,
1504 3952 1560 4001 sup.
1568 3932 1617 3983 04.
1625 3932 1651 3988 ii,

497 3996 634 4047 nominibus
648 3998 766 4063 jungitur,
784 3997 916 4047 ablativum
933 4000 958 4046 in
973 4014 1059 4063 genere
1092 4000 1132 4053 15,
1146 4000 1194 4057 13;
1209 4015 1288 4048 masur
1305 4002 1389 4056 44444ιί4,
1400 4000 1446 4047 iol.
1457 4000 1536 4066 Epist.
1546 3999 1563 4056 i,
1575 4000 1600 4054 7,
1610 3998 1651 4047 56.

498 4059 611 4110 leminino
628 4062 711 4127 erigit,
729 4072 757 4111 ut
774 4061 800 4110 io
818 4064 937 4119 4444444444,
955 4074 1058 4122 munus,
1123 4064 1165 4111 44.
1182 4063 1281 4125 Capitis,
1298 4063 1372 4124 rito;
1388 4064 1446 4113 lrinc
1466 4064 1531 4139 epod
1553 4063 1608 4112 Lis.
1625 4061 1651 4119 ii,

497 4126 1059 4255 littattttt‘tlrdmitt}
1090 4129 1339 4250 limum&
1349 4127 1651 4257 &scilliti-”iffi

499 4253 563 4301 Huic
572 4256 653 4303 similis
663 4256 837 4318 quodantenus,
848 4273 897 4319 qao
909 4256 1059 4319 444444404-
1091 4254 1188 4304 Livium
1208 4256 1298 4331 psmim
1315 4259 1402 4305 labores
1419 4265 1446 4307 44
1462 4258 1568 4319 periculo
1582 4255 1652 4322 jungi

496 4318 552 4380 prio
580 4334 628 4367 ons.
1092 4320 1186 4379 soleot3
1203 4321 1247 4369 lrb.
1260 4320 1293 4378 iv,
1305 4322 1347 4377 35,
1357 4324 1463 4383 periculo
1474 4339 1502 4370 oe
1520 4322 1607 4369 1444444
1615 4336 1652 4367 44-

530 4382 571 4431 34.
592 4382 663 4431 Verbo
681 4392 704 4431 et
721 4398 798 4431 voces.-
819 4382 977 4449 philosophis
998 4398 1059 4448 pre-
1092 4386 1204 4444 4444444,
1222 4384 1266 4434 141).
1285 4384 1352 4444 xxix,
1364 4386 1405 4443 2⁷,
1416 4397 1479 4435 ter-ro
1497 4385 1651 4449 444444414-

498 4455 578 4558 cepta,
587 4446 677 4511 quibus
688 4445 796 4497 homines
807 4446 929 4497 avaritiam
940 4447 1061 4497 exanimo
1093 4450 1184 4497 toribus
1193 4450 1346 4513 perrarum
1355 4452 1471 4499 4444444444.

499 4526 529 4575 pe
539 4510 586 4560 lere
605 4511 729 4576 jubentur,
746 4511 798 4577 jem
816 4520 931 4585 vocentur
951 4515 1020 4560 uerbo
1038 4524 1061 4562 er
1125 4514 1167 4587 46.
1184 4514 1314 4579 Perignce,
1326 4529 1472 4589 persumme
1486 4511 1653 4587 querquetum

498 4576 1061 4713 444ῗ13444.“ἱ.”ἱῖ4144Ἢ444
1090 4577 1222 4707 mlii
1237 4578 1653 4707 wistrimirus

500 4704 575 4753 morbr
589 4718 619 4754 err
633 4704 771 4770 corporibus
787 4704 850 4769 abrgi
868 4712 942 4769 atque
958 4706 1061 4756 emereri
1093 4705 1295 4772 qoeopericulom
1315 4706 1395 4756 subire
1415 4707 1497 4764 sudet,
1518 4704 1558 4756 344
1579 4706 1653 4772 πρὸς
