3659 5892
120 2517 127 2531 ·
203 2504 291 2569 quibus
309 2521 374 2555 nunc
394 2506 508 2561 Romani,
521 2507 592 2556 uictis
607 2506 638 2554 ab
654 2510 766 2571 Angusto
797 2523 858 2557 ausu
870 2522 993 2557 revocasse
1003 2506 1111 2570 lingitur.
1128 2506 1209 2555 Multo
1219 2506 1291 2570 igitur
1301 2523 1358 2557 sua·

632 562 796 629 LIBER
820 564 881 642 ll',
910 564 958 629 15.

637 971 845 1037 CARMEN
870 972 949 1038 XV.

559 1186 774 1237 AUGUSTI
815 1185 1021 1233 LAUDES.

428 1343 578 1411 Putttnus
592 1345 752 1411 volentem
766 1344 883 1431 proelia
898 1367 950 1410 me
964 1344 1065 1429 loqui,

426 1446 541 1512 Victus
557 1458 590 1513 et
605 1449 715 1525 urbes,
731 1448 903 1533 increpuit,
920 1446 1000 1532 lyra,

467 1548 522 1614 Ne
539 1572 640 1635 parva
653 1548 863 1635 Tyrrhenum
877 1572 938 1636 per
952 1570 1065 1633 aequor

465 1648 469 1655 ’
512 1650 596 1717 Vela
611 1653 733 1717 darem.
770 1651 858 1730 Tua,
875 1652 998 1729 Caesar,
1013 1661 1092 1715 aetas

381 1752 403 1815 5
423 1751 550 1839 Fruges
565 1764 599 1819 et
615 1754 703 1839 agris
718 1753 829 1819 retulit
843 1756 973 1832 uberes,

424 1854 470 1918 Et
486 1858 579 1941 signa
592 1866 705 1920 nostro
719 1856 862 1921 restituit
876 1857 898 1921 J
900 1858 963 1933 ovi,

370 1989 525 2041 CARMEN
543 1992 601 2041 XV·
800 1990 907 2050 eborum,
945 2006 999 2039 uem
1019 1988 1049 2039 ad
1067 1988 1143 2053 lyram
1161 1986 1308 2047 moderatu,
1323 1988 1362 2039 sel

240 2050 390 2125 Felicitatem
409 2054 520 2103 Romano
538 2053 636 2121 irnperio
651 2070 694 2120 per
712 2055 766 2104 Au·
799 2064 897 2105 eentum
945 2056 1026 2121 iqaem
1040 2070 1079 2129 'pe
1121 2068 1171 2101 ram
1198 2052 1361 2129 incipientem,

206 2124 271 2180 gasti
286 2117 397 2193 victorius¹
410 2120 674 2194 partamcelebratuurus
685 2120 766 2170 suavi·
798 2121 837 2169 vel
850 2135 865 2168 a
880 2130 967 2170 cantus
983 2118 1069 2193 modis·
1079 2068 1246 2193 mutulam,⁸
1254 2134 1362 2183 grauiore

206 2188 242 2229 tar
257 2190 326 2257 poeta
341 2182 418 2258 tipgrt,
435 2199 462 2233 se
479 2200 581 2249 pnmurn
597 2183 694 2258 quidem
714 2184 767 2235 Au·
799 2185 904 2250 quodam
920 2184 976 2250 lyre
987 2200 1047 2233 sono
1063 2199 1129 2257 inore
1190 2194 1262 2257 et'sre
1274 2185 1362 2233 rectius

205 2254 269 2321 gusti¹
285 2247 378 2311 proelus
394 2258 419 2297 et
434 2248 539 2297 victoriis
552 2249 667 2297 canendis
681 2264 768 2323 secare
799 2252 821 2298 ei
838 2249 974 2325 canendum
989 2264 1042 2323 esse
1062 2263 1124 2311 ugni
1141 2257 1197 2309 cat;
1220 2249 1361 2323 rtsApollo

204 2310 392 2425 ttttrtlr
408 2314 767 2443 ,tlt‘ttttttlltlt
799 2313 1362 2452 ittlttrtttttffittttlt

204 2438 284 2497 naut,
303 2454 329 2489 se
345 2441 402 2491 inde
421 2457 529 2491 aversum
549 2442 579 2491 nd
596 2442 660 2491 bona
677 2442 764 2508 potins,
798 2443 855 2507 lyrae
867 2460 926 2493 sono
944 2444 1099 2508 increpuisse,
1113 2450 1138 2490 et
1154 2441 1190 2491 sie
1206 2457 1221 2490 a
1235 2442 1359 2491 temerario

202 2570 306 2619 externis
352 2570 426 2636 pulis,
442 2571 559 2628 fruantur,
571 2570 699 2620 advertisse
712 2573 765 2622 aui·
797 2572 861 2622 viora
871 2583 895 2623 et
905 2572 1015 2639 Apollini
1030 2569 1244 2620 accommodatiora
1254 2571 1365 2685 impprne·

203 2648 278 2683 munt.
328 2636 387 2685 'enit
406 2636 487 2700 igitur,
509 2636 597 2711 templo
617 2637 675 2686 Jnni
698 2652 763 2687 nuno
796 2637 912 2703 expressit
931 2636 1055 2693 Horatius,
1071 2635 1135 2699 quod
1151 2635 1178 2683 in
1195 2652 1221 2685 re
1235 2636 1290 2684 simi
1310 2653 1360 2687 rma

202 2697 295 2755 clauso,
316 2708 403 2765 pacata
425 2716 477 2750 esse
496 2716 592 2759 omnm
617 2715 673 2749 cum
696 2702 763 2751 cultu
796 2702 860 2767 apud
879 2704 949 2765 Virg-
967 2702 1021 2751 Ecl.
1035 2698 1067 2757 vi,
1080 2701 1105 2754 ³,
1123 2699 1154 2748 de
1170 2699 1293 2765 Apolline,
1310 2705 1357 2751 uel·

202 2776 310 2824 agromm
338 2764 436 2815 rediisse
464 2765 609 2815 fertilitatem
634 2773 659 2815 et
686 2780 763 2815 rerum
797 2768 842 2813 lere
861 2784 929 2815 aures
949 2764 1049 2814 dicitur:
1074 2766 1152 2819 Quum
1173 2782 1275 2815 eruerem
1294 2784 1359 2830 reges

202 2826 374 2878 abundantiam
383 2846 390 2889 ς
413 2829 561 2895 pristinoque
581 2828 674 2894 legibus
695 2830 763 2880 resti·
796 2841 818 2879 rt
828 2834 921 2893 prelio,
936 2832 1051 2894 Cynthius
1060 2846 1140 2877 aurem
1152 2829 1231 2885 tetur,
1243 2839 1266 2877 et
1277 2832 1356 2881 odma-

201 2898 254 2941 tnto
270 2892 359 2943 bonore
376 2894 457 2970 vigere
477 2894 562 2943 iterum
578 2893 681 2959 ooepisse
696 2902 762 2945 rete·
796 2900 863 2945 uuit.-
889 2896 1014 2950 Purtorem,
1034 2894 1124 2957 Tityre,
1142 2897 1242 2957 pingues
1260 2894 1357 2945 Poscere

202 2972 250 3005 rem
266 2957 334 3007 illam
350 2958 411 3007 discr
429 2958 513 3015 linem,
532 2974 583 3025 qus
602 2958 693 3023 imperii
711 2960 762 3009 Ro·
795 2970 882 3023 oportet
893 2963 1083 3018 ours,deduotum
1094 2961 1280 3007 dioerscormou.
1303 2962 1356 3010 No·

201 3022 266 3071 muni
280 3023 402 3088 majestas,
413 2976 487 3080 iana,
499 3033 524 3073 et
534 3038 621 3072 nomen
632 3038 674 3089 per
686 3032 763 3073 tatum
795 3039 849 3074 ram
861 3025 887 3073 in
898 3025 943 3073 hoe
956 3024 1009 3073 loco
1019 3022 1162 3089 explicando
1172 3022 1287 3073 rationem
1303 3024 1358 3075 iniit

199 3094 314 3137 terraram
336 3088 417 3139 orbern
437 3087 539 3137 dilatum
561 3096 585 3137 et
607 3098 763 3155 propagatum
796 3089 836 3137 Cl.
854 3088 1068 3138 ltlitscberlicbius.
1095 3088 1122 3139 Is
1137 3086 1202 3137 enirn
1218 3088 1356 3153 tingendum

199 3150 584 3267 :tittttll'tutttls
597 3154 762 3283 tutte
794 3153 864 3281 {tlt
885 3152 1260 3267 ‘te‘ttt'tttlt‘tr
1274 3153 1356 3283 tiit

198 3278 264 3327 bella
279 3252 413 3346 eompreisa
427 3290 452 3331 et
467 3234 562 3348 sepulis
576 3281 690 3346 jaceant3
707 3296 761 3346 pro·
794 3234 926 3339 adstitisidi
942 3281 1136 3346 audientiamque
1153 3252 1208 3330 'sibi
1235 3282 1354 3333 factarum

198 3342 406 3411 indeAugustum
419 3346 520 3409 dignum
536 3360 597 3404 esse,
610 3362 682 3411 quem
711 3346 760 3395 uis·
793 3346 869 3421 lyram
888 3346 1004 3411 tetigisse,
1022 3356 1095 3410 etque
1114 3353 1165 3394 tum
1185 3346 1281 3395 demum
1300 3362 1353 3396 ora-

196 3424 245 3473 que
264 3425 321 3459 cum
342 3426 415 3461 uxore
432 3426 477 3460 sue
495 3420 519 3461 et
539 3411 621 3460 liberis
640 3419 669 3459 ut
688 3362 760 3459 deum
792 3420 856 3461 tione
870 3411 1080 3462 commonefaciens
1142 3418 1199 3459 tam
1227 3410 1274 3459 Sed
1292 3427 1353 3485 pau-

197 3474 322 3523 tutelarem
345 3474 383 3539 pie
404 3476 476 3533 colet,
499 3483 523 3525 et
544 3476 629 3540 quovis
651 3474 759 3523 dietum
792 3476 836 3531 cis,
868 3484 934 3541 puto,
967 3477 1018 3525 boc
1048 3490 1080 3524 ar
1107 3474 1178 3524 icatio
1204 3476 1354 3541 probabitur.

197 3536 354 3588 libationibus
369 3555 443 3605 quarn
456 3540 551 3607 hymnis
567 3539 611 3589 rite
625 3548 758 3589 veneretur.
791 3540 881 3653 {Nune
903 3540 1000 3605 quidem
1018 3492 1222 3613 simpiicissimum
1241 3539 1300 3588 mibi
1318 3541 1355 3588 si·

198 3602 344 3667 comparent
353 3605 442 3653 tirones
453 3605 499 3654 boo
511 3620 608 3655 cumen
618 3619 674 3653 curn
686 3604 761 3669 hujus
808 3614 869 3661 etur,
888 3605 909 3653 si
924 3604 963 3654 bic
982 3605 1058 3661 locus,
1074 3604 1227 3653 distinctione
1245 3613 1299 3679 post
1315 3607 1352 3653 iu·

196 3665 251 3715 libri
267 3668 373 3721 carmine
389 3668 484 3735 quinto,
501 3676 526 3718 et
541 3677 617 3734 poete
634 3668 659 3717 in
675 3670 759 3719 eadem
791 3674 881 3734 crepuit
899 3670 985 3736 posita,
997 3684 1070 3735 quam
1086 3667 1112 3717 in
1124 3668 1170 3716 bae
1184 3678 1285 3733 repetita
1300 3668 1352 3718 edi·

197 3730 244 3781 lere
272 3734 391 3783 sententia
416 3742 557 3799 pertractata
585 3732 707 3798 ingenium
735 3740 759 3783 et
791 3735 856 3785 tione
878 3734 1013 3803 ponendam
1034 3732 1125 3789 curavi,
1143 3732 1278 3798 explicatur
1297 3735 1350 3785 sic:

197 3796 328 3846 ubertatem
341 3807 495 3863 cognorunt.
523 3798 758 3848 Ceterumboccnr-
792 3797 1351 3863 Mevulanumtyrotoqui(canere)proelio‚rt

198 3874 252 3909 nren
270 3862 304 3910 U.
316 3861 347 3911 C.
365 3880 500 3913 nccxxxrv
518 3863 633 3937 scriptum
650 3877 710 3919 esse,
728 3878 759 3911 ex
790 3866 862 3912 victus
881 3867 957 3920 urbes,
980 3864 1077 3911 Pboebus
1098 3865 1214 3925 increpuit
1237 3863 1353 3927 (graviter

196 3939 266 3975 uersu
278 3928 294 3976 9
305 3926 386 3990 colligi
397 3936 482 3993 potest,
493 3926 536 3975 nbi
547 3927 599 3977 rud.
611 3934 661 3975 not.
791 3928 939 3989 admonuit),
950 3945 979 3975 ue
988 3944 1071 3991 paruo,
1082 3935 1139 3978 cett.
1166 3928 1231 3991 Lyra
1242 3929 1312 3990 toqui,
1323 3939 1352 3979 ut

231 3992 302 4039 1—4.
322 3990 537 4041 Ploeburuolrntem
548 3994 630 4053 prelio
641 4008 675 4039 me
687 3993 757 4055 loqui,
790 4008 845 4059 sup.
864 3994 945 4041 Carm.
960 3993 994 4047 iv,
1015 3993 1041 4048 9,
1059 3994 1084 4047 4.
1101 3995 1170 4040 verbu
1189 3994 1277 4041 coortu
1293 3996 1350 4043 urri-

197 4064 253 4104 cett.
271 4070 369 4105 sensus:
393 4072 450 4106 cunr
464 4056 515 4123 jem
535 4055 559 4105 in
579 4072 607 4105 eo
627 4070 713 4111 essem,
731 4064 759 4105 ut
790 4060 851 4105 ouda
907 4058 956 4121 ui]
994 4056 1030 4104 Νι
1046 4073 1120 4119 porou
1143 4057 1288 4118 Tyrrhenum
1308 4076 1350 4121 per

196 4119 300 4168 camnine
327 4120 467 4169 sublimiore
494 4120 598 4185 Augusti
625 4120 711 4185 proelia
734 4128 759 4169 et
790 4138 865 4184 equor
887 4123 943 4169 leto
963 4124 1056 4169 dorem:
1078 4136 1109 4169 ue
1127 4136 1185 4168 oum
1201 4136 1282 4187 persa,
1300 4140 1349 4189 qua

195 4183 305 4233 victorias
322 4199 441 4242 canerem,
459 4200 515 4233 ecoe
532 4185 591 4233 mibi
609 4185 699 4250 Apollo
715 4183 758 4233 ed·
790 4202 834 4249 ego
852 4195 938 4243 uterer,
949 4186 1037 4251 cymba
1047 4185 1095 4234 olto
1110 4185 1170 4234 mari
1184 4202 1224 4235 me
1239 4188 1349 4237 oommit·

195 4248 249 4305 tuit,
266 4258 298 4305 et,
311 4266 341 4299 ue
355 4258 443 4299 temere
454 4265 499 4315 ego
513 4258 582 4315 poeta
594 4251 672 4299 tenuis
687 4249 756 4298 moli·
789 4258 871 4307 terem,
890 4251 914 4299 h.
932 4268 954 4300 e.
974 4266 1005 4298 ne
1023 4249 1100 4307 tenui,
1116 4250 1180 4315 quod
1198 4250 1258 4301 mibi
1276 4263 1347 4311 esset,

194 4328 231 4361 rer
243 4314 353 4425 prandia,
364 4315 471 4377 graviore
487 4314 544 4379 lyne
555 4330 613 4363 sono
625 4332 663 4364 rne
679 4315 757 4363 inore-
788 4314 885 4379 ingenio
906 4315 1019 4363 audacter
1039 4322 1165 4370 tentarem,
1185 4331 1241 4379 quas
1260 4332 1349 4382 magns

195 4392 242 4442 pan
260 4392 275 4425 o
293 4380 324 4427 ab
341 4379 386 4429 boc
406 4387 493 4427 conatu
510 4380 637 4429 revocant.
671 4378 757 4429 Varias
788 4388 880 4428 tanturn
895 4388 987 4429 tentus
1004 4388 1103 4444 possunt
1118 4380 1229 4442 ingenim
1244 4381 1304 4438 sive,
1317 4398 1348 4432 ne

195 4440 321 4517 mirusque,
343 4458 404 4507 quas
431 4443 528 4499 locutio,
556 4445 609 4508 lyru
630 4446 755 4505 increpuit,
787 4452 912 4501 tentarent,
930 4444 970 4493 cui
985 4443 1062 4518 impar
1076 4458 1162 4499 essem,
1182 4460 1278 4499 carmen
1296 4447 1347 4511 epi-

193 4506 299 4570 protulrt,
321 4506 493 4573 explicationes
514 4507 568 4557 vide
591 4507 656 4573 apud
679 4508 756 4556 loter-
788 4524 852 4557 cum.
886 4508 973 4572 Magni
993 4507 1087 4557 scilieet
1106 4518 1191 4574 poete,
1212 4509 1255 4573 qui
1275 4510 1301 4559 in
1322 4528 1348 4561 re

194 4579 280 4635 protes.
317 4573 360 4620 Me
376 4572 472 4637 quidem
491 4588 539 4621 non
556 4572 657 4639 poenitet
673 4588 756 4621 corum
788 4574 853 4637 gravi
865 4582 889 4623 et
905 4574 986 4639 ampla
995 4582 1127 4628 versantur,
1137 4572 1163 4619 in
1174 4571 1223 4621 ulto
1233 4574 1292 4621 mari
1304 4590 1346 4623 ns·

194 4635 318 4685 sententie
329 4652 390 4695 esse,
401 4640 444 4703 qul
455 4636 595 4703 Apollinem
610 4652 665 4687 cum
681 4638 757 4703 χοροῦ
788 4639 876 4703 rigare,
888 4638 947 4693 sive.
959 4646 987 4687 ut
1004 4637 1130 4701 Virgilius,
1143 4638 1205 4686 Gen.
1215 4637 1241 4694 ii,
1257 4639 1286 4686 41
1303 4640 1345 4696 sit,

194 4696 333 4765 διδασκάλῳ
351 4710 513 4769 comparatum
533 4716 587 4751 esse
608 4702 754 4751 existimant.
787 4706 837 4752 veta
848 4707 939 4765 potenti
948 4704 1029 4766 pelago
1038 4707 1103 4758 dore,
1116 4702 1253 4766 finguntur,
1268 4712 1294 4752 st
1305 4703 1345 4760 iis,

195 4764 402 4824 Quemadmodum
423 4765 487 4815 anim
511 4770 587 4833 χοροῦ
607 4765 754 4826 διδάσκαλος
786 4768 884 4833 quires
902 4776 986 4817 tenum
1005 4774 1115 4823 meunt,
1136 4769 1222 4831 cymba
1240 4777 1345 4827 tentum,

761 4848 777 4880 ι
