3659 5892
892 521 1119 587 EPODON

839 808 1048 874 CARMEN
1072 808 1170 876 VIII.

603 995 751 1062 Rosiae
767 999 865 1084 longo
880 1000 1029 1083 putidam
1044 1010 1077 1063 te
1093 999 1224 1078 saeculo,

730 1100 829 1166 Vires
845 1101 925 1185 quid
940 1112 1073 1165 enervet
1086 1106 1201 1165 meas?

601 1200 713 1274 Quum
729 1204 772 1267 sit
785 1204 846 1269 tibi
860 1204 942 1268 dens
956 1214 1038 1281 ater,
1053 1214 1087 1268 et
1102 1204 1192 1289 mgis
1208 1216 1302 1270 vetus

731 1307 885 1371 Frontem
901 1318 1053 1371 senectus
1066 1320 1191 1385 exaret,

546 1404 567 1467 5
601 1404 746 1492 Hietque
761 1411 866 1494 turpis
882 1410 968 1473 inter
982 1409 1091 1474 aridas
1105 1420 1199 1474 nates

729 1511 857 1588 Podar,
873 1511 963 1575 velut
977 1512 1089 1576 crudae
1102 1513 1208 1577 bovis.

599 1611 666 1677 Sed
682 1615 796 1679 incitat
810 1636 860 1679 me
874 1624 1002 1698 pectus,
1017 1625 1052 1679 et
1066 1637 1212 1679 mamma,²
1224 1626 1350 1699 putres,

728 1716 861 1801 Equina
875 1716 989 1799 quales
1003 1717 1126 1795 ubera3

599 1816 790 1902 Venterque
807 1818 922 1896 mollis,
938 1828 972 1883 et
987 1818 1092 1883 femur
1106 1821 1307 1885 tumentibus

539 1918 577 1979 10
730 1921 827 1986 Exile
844 1923 928 1985 suris
945 1922 1103 1986 additum.

598 2020 683 2085 Esto
697 2024 805 2100 beata,
822 2022 920 2087 funus
935 2035 1033 2107 atque
1049 2024 1205 2109 imagines

727 2126 861 2189 Ducant
875 2124 1107 2210 Triumphales
1123 2137 1233 2204 tuum;

597 2224 671 2290 Nec
687 2228 729 2290 sit
744 2229 869 2304 marita,
886 2250 960 2311 quae
975 2228 1220 2293 rotundioribus

728 2329 859 2393 Onusta
873 2330 983 2394 baccis
998 2329 1159 2408 ambulet;

426 2459 480 2515 160,
500 2466 591 2523 quomo
610 2466 670 2513 leoni
691 2466 784 2514 Fortior
801 2468 889 2527 eripuit
911 2468 983 2513 vitam
1015 2472 1065 2512 mm
1084 2463 1159 2513 dedit.
1193 2468 1255 2524 Quas
1273 2464 1370 2540 quidem
1389 2466 1505 2531 protervia
1522 2467 1580 2517 licet

424 2524 473 2595 leel
489 2526 531 2574 abi
548 2526 573 2575 in
590 2530 820 2585 enuntiantem
837 2546 886 2578 non
901 2528 984 2578 sarire
1016 2529 1131 2577 lectorum
1143 2529 1239 2594 cuique,
1251 2547 1294 2605 qut
1310 2545 1358 2579 non
1371 2530 1436 2578 omni
1448 2530 1579 2580 honestatis

424 2591 497 2637 insui
509 2594 602 2652 generis
613 2594 683 2650 tems,
696 2595 765 2660 plura
780 2594 891 2660 exempla
902 2593 984 2643 attulit
1016 2608 1087 2643 sensu
1105 2593 1235 2643 destitutus
1249 2604 1289 2651 sit,
1301 2594 1429 2659 displicere
1442 2596 1541 2645 omnino
1554 2604 1580 2645 et

424 2653 464 2701 Cl.
475 2656 586 2720 Ruperti.
1016 2674 1130 2706 nauseam
1139 2674 1219 2708 creare
1227 2660 1328 2719 debeat,
1339 2658 1422 2708 eadcm
1430 2668 1510 2709 tamen
1519 2670 1578 2709 eta·

459 2720 563 2769 la-la.
597 2722 635 2771 t‘a
662 2728 747 2779 acrior,
770 2722 893 2779 divinitus,
917 2723 985 2771 velut
1015 2722 1055 2778 tis,
1067 2739 1117 2786 qua
1133 2724 1179 2771 hoc
1194 2740 1290 2773 carmen
1301 2724 1414 2790 scnptum
1425 2734 1470 2780 est,
1482 2725 1580 2775 licentia

423 2797 494 2841 noxa,
513 2784 619 2835 immissa
639 2790 725 2837 mentis
744 2789 858 2847 cacitas3
880 2786 985 2849 θεοβλά-
1016 2795 1041 2835 et
1060 2787 1156 2850 ingenio
1181 2790 1290 2837 excusari
1311 2788 1488 2854 quodammodo

421 2846 486 2909 βειιι.
528 2852 603 2913 Cutpu
626 2854 712 2917 (ἄτη),
731 2853 820 2902 delicta
838 2862 863 2901 et
884 2852 983 2907 scelera,
1016 2851 1117 2900 videtur.
1160 2853 1271 2903 Fortasse
1292 2869 1387 2919 quoque
1408 2852 1481 2901 totius
1521 2855 1580 2921 ujus

423 2928 478 2975 que
488 2926 622 2981 perpetrata
633 2934 648 2965 a
659 2918 791 2983 majoribus
806 2927 904 2983 nepotes
917 2917 984 2965 luere
1015 2917 1127 2966 carminis
1138 2918 1262 2981 spurcities
1273 2917 1419 2967 Archilocho
1431 2918 1470 2966 vel
1481 2918 1523 2967 alii
1534 2935 1578 2985 po-

423 2984 448 3024 et
462 2979 555 3043 expiare
572 2983 676 3031 debent:
694 2983 727 3032 cl.
742 2983 778 3041 iii,
792 2984 816 3039 6,
830 2984 853 3031 l.
888 2981 982 3038 Tacent,
1015 2990 1060 3029 eta
1074 2982 1170 3037 Gracco,
1182 2998 1254 3046 quem
1266 2982 1380 3032 Horatius
1396 2983 1522 3048 expressit,
1534 2984 1577 3033 tri·

424 3044 743 3097 tacendomentemsnama
775 3046 982 3101 riunt,etsecul·
1015 3046 1166 3095 buendaest.
1200 3047 1282 3111 Pingit
1292 3057 1373 3096 autem
1383 3056 1462 3112 poeta,
1471 3048 1576 3097 vetulam

422 3120 460 3169 pai
471 3110 586 3159 obnoxios
598 3113 709 3160 latentur.
751 3113 792 3160 ic.
805 3114 829 3159 in
842 3110 916 3160 Catil.
927 3111 945 3166 i,
957 3112 981 3169 8,
1014 3110 1120 3175 aliquam
1136 3126 1167 3159 ex
1185 3126 1211 3161 se
1225 3112 1372 3177 quasivisse,
1383 3112 1442 3175 quid
1458 3114 1500 3167 sit,
1513 3113 1578 3178 qnod

424 3170 488 3223 Qum
498 3184 539 3229 est,
550 3177 670 3224 Catilina?
685 3181 765 3240 ecquid
774 3178 887 3223 attendis?
902 3178 983 3238 ecquid
1015 3173 1046 3222 ad
1057 3176 1181 3224 libidinem
1195 3192 1278 3225 secam
1292 3177 1447 3226 exercendam
1463 3176 1578 3237 languere

422 3238 585 3288 animadvertis
601 3243 682 3289 horum
696 3244 832 3290 silentium?
846 3244 982 3303 potiuntur,
1016 3254 1080 3288 nuuc
1091 3248 1218 3307 ettorpere
1228 3241 1347 3307 incipiatl
1380 3240 1521 3314 Respondet
1531 3241 1578 3305 igi·

422 3308 506 3351 toeent.
538 3304 645 3367 Stupent,
664 3306 824 3372 significanter
844 3321 886 3371 pro
905 3304 982 3360 tenui,
1015 3313 1054 3353 tur
1063 3304 1086 3354 ei
1096 3305 1123 3352 in
1134 3305 1178 3354 boc
1191 3306 1304 3362 carmine,
1316 3314 1341 3355 et
1351 3315 1452 3371 torpons
1467 3306 1504 3354 sui
1517 3321 1579 3353 cau«

421 3373 487 3413 sunt.
1015 3384 1062 3426 aas,
1075 3370 1107 3418 ab
1118 3370 1176 3419 anili
1186 3371 1240 3437 ejus
1251 3370 1396 3436 turpitudine
1404 3370 1499 3436 petitas,
1506 3381 1577 3436 petu-

457 3432 561 3481 17-20.
579 3434 689 3484 Romanos
702 3445 787 3500 egunt,
799 3442 884 3499 urgent
894 3444 919 3483 et
929 3449 982 3499 pre·
1015 3433 1092 3483 lenter
1103 3436 1186 3501 aperit.

422 3504 501 3545 munt.
538 3498 659 3565 Scelusque
673 3500 791 3566 fraterne
814 3502 884 3554 necis,
904 3500 984 3547 scelus
1050 3500 1231 3564 1-6.1ngare
1247 3501 1431 3564 longoputidnm
1448 3508 1470 3546 te
1485 3500 1576 3556 tentio,

422 3560 486 3623 quod
496 3562 616 3613 Romulus
631 3566 707 3613 fratris
722 3564 759 3613 sui
773 3564 839 3612 caede
854 3563 981 3612 commisit.
1013 3573 1070 3612 cett.
1081 3580 1165 3613 sensus
1178 3573 1203 3614 et
1217 3580 1307 3613 nexus:
1325 3572 1392 3620 tune,
1405 3563 1477 3638 cujus
1490 3568 1578 3629 carpat

425 3624 458 3671 Ut
471 3628 688 3695 immerentisflurit
698 3632 724 3677 in
735 3640 821 3678 terrum
836 3630 901 3677 Remi
912 3630 983 3678 Socer
1014 3629 1085 3691 longa
1104 3643 1220 3677 annorum
1239 3627 1375 3693 deturpavit
1394 3643 1476 3683 sena,
1497 3642 1576 3691 rogas,

421 3694 540 3751 nepotibus
557 3712 635 3749 nator,
654 3701 779 3761 postquam
798 3694 896 3758 sanguis
912 3694 981 3741 inno·
1013 3708 1057 3741 cur
1073 3692 1104 3740 ad
1121 3708 1170 3740 rem
1192 3702 1272 3742 tecum
1287 3691 1423 3741 habendam
1440 3692 1508 3741 nulla
1524 3708 1577 3741 am·

421 3755 498 3804 centis
518 3758 589 3806 Remi
610 3759 636 3808 in
657 3768 745 3808 terram
766 3760 837 3807 fluxit
855 3758 983 3823 nepotibus
1013 3757 1078 3823 plius
1096 3757 1204 3807 stimulet
1221 3757 1340 3807 tibidinst
1361 3756 1432 3822 quasi
1449 3755 1475 3804 id
1493 3772 1577 3821 rogate

419 3834 491 3877 socer,
512 3822 537 3870 h.
559 3839 582 3872 c.
604 3822 748 3899 expiandus,
771 3823 829 3881 site,
855 3832 981 3888 postquam
1014 3837 1074 3888 opus
1085 3822 1124 3878 sit,
1137 3824 1234 3872 comsit
1245 3823 1290 3871 tibi
1300 3823 1361 3871 dens
1372 3830 1431 3876 ater,
1442 3829 1501 3871 cett.
1528 3823 1577 3869 Ro-

422 3882 543 3936 Romulus
561 3888 713 3953 parricidium
733 3888 860 3953 nepotibus
881 3888 981 3953 expian-
1011 3904 1071 3951 gore
1087 3896 1125 3934 te:
1141 3888 1245 3962 plenius,
1261 3888 1342 3937 fierine
1358 3895 1436 3952 potest
1452 3896 1480 3934 ut
1497 3902 1574 3949 roges,

421 3948 479 3997 dum
501 3953 651 4018 perpetravit.
690 3953 762 4001 Bella
782 3951 863 4001 civilia
882 3952 913 4002 ab
936 3952 981 4001 hoc
1013 3952 1051 4000 vel
1072 3951 1213 4017 simphciter
1231 3968 1282 4018 pro,
1303 3954 1419 4015 rogasnet
1439 3959 1468 3998 at
1487 3950 1575 4017 passim

451 4014 892 4083 nicidio,tanquamprimaRomanae
903 4017 982 4081 gentis
1013 4017 1209 4082 apudComicos.
1243 4016 1575 4082 Inagosaeculoputidum,in

430 4079 483 4136 abe,
496 4083 580 4146 repetit
593 4098 688 4147 qaoque
705 4084 819 4131 Lucanus
834 4081 851 4137 i,
862 4082 904 4137 95,
918 4082 979 4128 Fro-
1013 4082 1096 4143 gmndi
1102 4081 1154 4145 jam
1166 4090 1243 4138 etate,
1254 4098 1308 4146 que
1316 4080 1451 4146 importuna
1462 4090 1487 4129 et
1496 4079 1575 4128 invisa

419 4154 484 4191 terno
493 4150 564 4207 primi
572 4151 711 4195 maduerunt
719 4150 831 4212 sunguine
842 4150 913 4195 muri.
933 4146 981 4194 Sed
1012 4154 1048 4194 est
1062 4145 1215 4203 amatoribus,
1228 4146 1392 4203 constitutam,
1403 4154 1495 4209 turpem
1506 4152 1575 4193 vetu-

420 4210 538 4273 Virgilius
555 4212 617 4260 Geo.
633 4211 650 4269 i,
668 4213 725 4269 502,
743 4210 859 4277 majomm
880 4211 979 4268 scelera,
1012 4211 1069 4259 lam.
1109 4210 1201 4259 Similis
1222 4226 1319 4261 annosa
1338 4210 1426 4260 vetule
1448 4208 1576 4275 descriptio

420 4275 550 4391 nepotibtp:1
557 4292 600 4391 petri
609 4276 674 4350 bella
682 4276 762 4388 ei'v'ffld
772 4275 897 4387 eupipnda,
907 4276 980 4323 altius
1012 4283 1049 4353 est
1059 4276 1085 4325 in
1097 4276 1290 4388 It’riapeisbcuapm.
1300 4275 1350 4388 mii
1365 4276 1488 4387 IZCoerpis
1501 4283 1575 4387 Ἥ

419 4354 434 4387 s
468 4354 520 4389 aom
551 4358 614 4392 ons
656 4356 734 4389 rums
760 4357 842 4390 enva-
1011 4358 1057 4389 πει
1078 4356 1186 4403 venique
1259 4358 1307 4398 um,
1348 4359 1365 4388 u
1393 4358 1408 4387 a
1474 4356 1508 4400 pu
1534 4355 1574 4385 io

625 4358 673 4408 pe]
1002 4405 1075 4470 facto
1092 4408 1241 4454 mentorum:
1261 4406 1295 4454 cl.
1313 4403 1414 4453 Mitsch.
1449 4404 1520 4451 Vetus
1538 4418 1574 4450 te-

575 4471 728 4520 CARMEN
746 4470 824 4520 VIII.
1009 4480 1097 4525 uectus,
1111 4478 1138 4518 ut
1152 4481 1237 4519 meres
1252 4487 1313 4518 senes
1329 4469 1394 4535 apud
1404 4466 1496 4517 Tibull.
1512 4467 1530 4523 i,
1546 4469 1573 4524 8,

450 4538 481 4585 In
503 4537 571 4585 nullo
588 4535 693 4585 cannino
714 4534 790 4597 magis
811 4533 932 4599 pudicitiae
954 4543 978 4582 ct
1010 4536 1053 4583 50.
1086 4535 1191 4583 Frontem
1202 4538 1369 4600 iugisesnret:
1386 4532 1571 4595 cl.Virg.AEn.

416 4602 620 4666 honestatisleges
632 4598 975 4663 migrassevideturlloratius,
1008 4600 1050 4654 vii,
1063 4600 1119 4647 417.
1154 4597 1529 4665 Cricdn,quiacrudslerecaro
1543 4597 1569 4644 in

416 4680 488 4730 quam
503 4666 528 4714 in
544 4668 597 4721 hoc,
609 4666 650 4715 ubi
664 4674 757 4729 turpem
769 4662 901 4711 libidinosae
914 4678 976 4711 anus
1008 4666 1093 4711 macris
1112 4665 1197 4721 bobus,
1209 4666 1328 4730 praecipue
1344 4662 1406 4713 inter
1420 4670 1497 4718 nates,
1508 4676 1568 4709 con-

416 4731 512 4781 lonnam
528 4731 639 4797 pudenda
653 4730 724 4795 plane
740 4727 856 4794 protervia
868 4727 973 4793 descrip·
1007 4728 1115 4793 spicitur.
