3659 5892
477 496 541 559 440
851 489 1240 558 EPISTOLAHUM

898 812 1138 879 EPISTOLA
1161 812 1205 877 11.

888 1011 952 1058 nn
979 978 1217 1057 noanon.

563 1153 722 1220 Taoraur
737 1151 814 1217 belli
830 1152 1033 1236 scriptorem,
1049 1150 1187 1215 maxime
1202 1148 1300 1228 Lolli,

565 1256 654 1321 Dum
669 1266 706 1320 tu
721 1253 882 1319 declamas
898 1252 1025 1329 Romoe,
1042 1250 1210 1316 Praeneste
1225 1250 1344 1336 relegi3

563 1357 643 1435 Qui,
658 1356 739 1441 quid
755 1356 797 1421 sit
812 1354 994 1440 pulchrum,
1009 1353 1091 1437 quid
1105 1364 1214 1437 turpe,
1229 1354 1310 1437 quid
1325 1352 1416 1431 utile,
1430 1351 1510 1436 qnid
1523 1372 1600 1427 non,

564 1458 698 1523 Planius
714 1479 751 1522 ac
766 1456 880 1524 melius
896 1456 1085 1540 Chrysippo
1098 1465 1132 1520 et
1147 1455 1308 1521 Crantore
1323 1457 1415 1523 dicit.

518 1563 539 1625 5
561 1560 631 1625 Cur
644 1561 690 1623 ita
704 1558 910 1637 crediderim,
927 1558 990 1623 niei
1004 1558 1085 1643 quid
1098 1569 1132 1623 te
1147 1556 1284 1637 detinet,
1299 1560 1389 1625 audi.

562 1659 700 1735 Fabula,
714 1683 781 1744 qua
796 1659 926 1725 Paridis
941 1670 1077 1745 propter
1091 1670 1242 1725 narratur
1256 1683 1400 1729 amorem

563 1763 695 1829 Graeeia
709 1762 878 1829 Barbarioe
893 1761 981 1829 lento
996 1761 1108 1827 collisa
1122 1760 1243 1839 duello,

563 1864 745 1930 Stultorum
760 1886 873 1949 regum
887 1875 922 1931 et
936 1862 1132 1949 populorum
1145 1864 1290 1929 continet
1303 1876 1416 1929 aratus.

562 1964 714 2031 Antenor
728 1978 841 2031 censet
855 1965 933 2031 belli
948 1964 1127 2049 praecidere
1142 1986 1290 2029 caueam:

501 2069 541 2133 10
564 2066 655 2141 Quid
672 2064 787 2131 Pariel
811 2077 848 2131 ut
863 2064 971 2130 salvus
985 2075 1100 2151 regnet
1114 2066 1265 2149 vivatque
1279 2067 1409 2145 beatus,

562 2170 646 2253 Cogi
660 2190 758 2253 posse
772 2180 880 2253 negat.
927 2167 1054 2232 Nestor
1067 2188 1261 2251 componere
1275 2166 1350 2232 lites

560 2270 650 2335 luter
666 2268 804 2335 Peliden
819 2269 951 2335 festinat
966 2278 1000 2333 et
1013 2268 1099 2333 inter
1116 2266 1273 2333 Atriden:

561 2370 661 2435 Hunc
676 2393 776 2449 amor,
793 2372 841 2435 ira
856 2370 988 2455 quidem
1003 2370 1215 2435 communiter
1230 2369 1296 2433 urit
1312 2380 1497 2455 utrumque.

641 2592 811 2641 EPISTOLA
829 2592 866 2640 11.
1067 2604 1139 2654 quarn
1155 2588 1299 2655 philosophi,
1311 2590 1367 2653 qnid
1382 2590 1414 2637 rit
1426 2590 1622 2656 pnlclm,qeid

506 2655 637 2719 Poetquam
651 2664 722 2731 poeta
733 2654 785 2705 vita
798 2662 925 2721 precepta,
937 2669 993 2719 que
1009 2653 1035 2701 in
1067 2664 1144 2717 ιιιφι,
1154 2656 1211 2717 qnid
1222 2655 1289 2710 utile,
1299 2653 1391 2702 docuit.

474 2718 578 2767 Homero
596 2728 757 2777 contruentur,
775 2720 883 2785 planiora
899 2726 925 2766 et
939 2718 1037 2767 meliora
1100 2718 1173 2767 6-8.
1190 2718 1290 2775 Fabato,
1301 2736 1355 2781 quo,
1372 2724 1430 2766 cett.
1443 2716 1542 2766 Homeri
1557 2717 1621 2775 Ilia«,

472 2780 510 2836 iio,
527 2798 581 2846 qun
597 2784 732 2850 philosophi
749 2782 855 2839 tradunt,
873 2798 926 2832 esse
941 2782 1033 2838 docuit,
1065 2781 1108 2830 ubi
1119 2781 1213 2831 insertis
1224 2781 1312 2830 labnlie
1322 2788 1446 2831 enarratur
1456 2782 1546 2831 bellum
1556 2798 1621 2847 pmp-

471 2844 522 2910 ipee
542 2862 615 2897 aurea
633 2856 759 2913 precepta,
783 2846 814 2895 ad
833 2862 888 2911 qun
908 2845 957 2894 vita
975 2845 1034 2894 diri·
1066 2853 1102 2895 ter
1117 2845 1212 2895 Paridis
1230 2861 1333 2895 amorem
1351 2844 1402 2894 aive
1417 2856 1513 2911 propter
1528 2846 1622 2895 Helena

472 2908 601 2971 geudaait,
631 2911 693 2960 ueris
704 2910 823 2977 precipue
852 2909 954 2975 roponit.
1067 2918 1169 2984 raptum,
1177 2910 1345 2959 interGrecos
1354 2907 1504 2974 et'Trojanoe
1512 2920 1621 2967 exortum,

508 2975 580 3047 1.--4,Ι
597 2928 697 3023 illorime
706 2976 777 3024 Lolli.
804 2928 902 3048 lollius,
911 2974 951 3021 Μ.
960 2972 1033 3021 Lollii
1064 2982 1090 3023 et
1099 2989 1125 3022 ιιι
1135 2974 1219 3024 decem
1231 2988 1308 3023 annor
1322 2982 1525 3030 extractum,tam
1540 2974 1622 3050 princi·

472 3037 591 3096 Palmam,
614 3048 642 3088 ut
664 3039 766 3096 videtur,
789 3038 897 3087 coneulre
918 3053 974 3087 eum
1000 3038 1033 3095 Q.
1065 3054 1123 3113 pum
1141 3054 1213 3102 quarn
1231 3038 1372 3104 populorum
1392 3038 1468 3086 stulta
1483 3038 1584 3089 comnia
1600 3046 1623 3087 et

472 3102 574 3150 AEmilio
585 3102 685 3167 Lepido,
696 3103 770 3152 filiun.
795 3104 949 3159 Morimene
964 3109 1033 3157 natu,
1065 3102 1184 3150 toraniam
1200 3111 1257 3152 ante
1273 3102 1356 3151 oculoe
1370 3101 1448 3167 ponit.
1481 3103 1624 3153 Bartnrin

472 3171 498 3211 ut
514 3174 578 3215 recte
589 3166 711 3217 Geenerue
727 3168 852 3223 observat;
874 3182 929 3214 uam
946 3165 991 3213 iul.
1008 3164 1033 3213 in
1066 3165 1260 3231 Grnciequeria
1276 3166 1341 3230 regio
1350 3174 1418 3215 extra
1435 3166 1564 3224 Graeciam,
1577 3176 1623 3217 eta

472 3228 494 3275 Ε
511 3229 550 3279 ist.
565 3232 603 3287 le,
616 3230 647 3280 ad
662 3231 765 3281 eundem
778 3231 883 3281 Lollium
900 3228 997 3295 scripta,
1009 3246 1033 3277 v.
1066 3229 1185 3278 Romanis
1195 3230 1286 3295 qnnvir
1301 3229 1365 3293 regio
1379 3238 1447 3279 extra
1463 3230 1560 3280 Italiam
1570 3232 1621 3289 ein,

516 3293 593 3343 fratris
604 3295 709 3361 alicujus
721 3297 748 3344 lit
758 3295 856 3345 mentio.
1067 3294 1205 3342 nominatim
1226 3294 1340 3367 Phrygia,
1361 3294 1504 3359 appellatur.
1543 3298 1623 3345 orna

501 3360 527 3409 2.
544 3360 677 3415 Dertona,
690 3360 855 3414 declamando,
871 3356 968 3407 dicendi
984 3364 1034 3406 arte
1065 3356 1161 3421 gravius
1179 3366 1205 3407 et
1223 3357 1398 3423 significantius
1431 3374 1466 3415 ro,
1483 3359 1623 3419 commum

470 3423 596 3471 exerceris.
636 3420 758 3485 Pitinum,
780 3439 809 3474 eo
830 3424 894 3472 enim
918 3421 1034 3471 Horatius
1064 3422 1108 3486 qui
1123 3420 1227 3471 invicem
1242 3439 1268 3471 ae
1282 3376 1547 3489 petuntoollidontar:
1562 3432 1623 3473 cete·

469 3485 579 3536 secedere
591 3486 672 3554 ibique
683 3489 729 3537 eibi
742 3488 869 3553 Muciique
881 3485 960 3535 vivere
971 3486 1033 3535 eole·
1064 3501 1117 3533 rum
1133 3484 1173 3533 bic
1184 3502 1267 3536 venue
1284 3494 1334 3534 tam
1349 3485 1380 3533 ob
1397 3485 1460 3536 hanc
1472 3488 1623 3545 locutionem,

469 3550 526 3599 bat:
543 3550 591 3600 vid.
602 3568 655 3619 nup.
667 3552 715 3601 Od.
727 3552 763 3609 iii,
774 3554 798 3609 l,
810 3554 851 3600 23.
1064 3564 1138 3613 quam
1152 3549 1183 3597 ob
1198 3552 1301 3615 priscam
1311 3563 1393 3599 vocem
1404 3552 1519 3609 daeltnn,
1531 3552 1625 3619 prodere

501 3616 525 3663 3.
544 3616 608 3669 Quid
625 3621 656 3667 cit
674 3618 797 3678 pulchra-m
814 3613 931 3679 (καλὸν),
945 3614 1033 3662 bonee-
1065 3612 1159 3661 ridetur
1170 3614 1283 3663 Ennium.

469 3686 537 3734 ιιιιιις
562 3690 639 3743 turpe,
661 3682 729 3737 utile,
750 3680 781 3729 de
800 3680 890 3745 quibua
909 3677 1033 3743 disputant
1097 3679 1121 3725 8.
1147 3678 1195 3726 Per
1212 3690 1291 3728 ettam
1313 3676 1418 3742 intellige
1440 3678 1625 3731 vehementiore·

469 3742 561 3807 philoeo
579 3744 612 3792 hi.
1064 3740 1138 3788 animi
1154 3740 1293 3793 affectiones
1307 3750 1333 3790 et
1348 3741 1407 3790 vitia
1427 3742 1453 3791 in
1472 3760 1498 3793 v.
1516 3746 1547 3793 1⁵
1561 3761 1623 3794 com-

500 3810 524 3855 4.
571 3810 663 3856 tantum
686 3804 776 3875 majore
794 3806 972 3873 perspicuitate,
989 3821 1031 3870 pro
1063 3814 1201 3855 memorata.

464 3873 560 3931 plantat
585 3870 627 3920 alii
656 3870 739 3933 legunt
763 3872 865 3946 pientio.
910 3869 1031 3919 Librarioe
1094 3871 1120 3918 9.
1136 3872 1239 3918 Antenor
1254 3880 1336 3927 mmm,
1347 3878 1403 3919 cett.
1421 3870 1541 3932 Antenor,
1555 3889 1625 3924 moer

466 3942 530 3985 certe
541 3934 567 3982 iu
578 3934 710 3983 scribendis
717 3936 1031 3999 vocrbueptanucetptenaa
1062 3933 1220 3998 Troianorum
1254 3934 1444 3993 mdentietimne,
1463 3947 1547 3987 censet
1567 3954 1623 3987 cau-

466 3998 761 4112 Wcr
775 3998 1032 4126 ι
1061 3948 1626 4125 ,alamann

465 4129 544 4189 sippo:
562 4127 592 4176 de
609 4143 637 4177 eo
651 4098 1031 4201 rid.eup.ad'Sat.i,3,127.
1063 4097 1158 4176 scilicet
1186 4128 1303 4183 Antenor,
1333 4128 1452 4177 Helenam
1482 4101 1625 4181 ieddendam

467 4192 587 4247 Crantore,
621 4193 764 4241 Xenocrate
795 4191 921 4258 diecipulo,
951 4190 1027 4239 nobili
1059 4205 1126 4239 esee:
1150 4191 1249 4240 Homer.
1270 4190 1344 4240 Iliad.
1366 4191 1406 4249 vii,
1426 4192 1475 4241 ³48
1496 4208 1552 4260 eqq.
1585 4194 1625 4247 Ad

464 4255 606 4321 philosopho
618 4254 773 4305 Academico.
1058 4257 1219 4317 prociderem
1238 4254 1286 4321 ple,
1297 4255 1416 4320 Trojauoa
1426 4256 1522 4307 debere.

496 4322 584 4385 6eqq.
602 4321 646 4375 lie,
665 4335 720 4385 qun
738 4334 802 4368 nunc
820 4328 961 4383 sequuntur,
973 4318 1028 4385 pul·
1095 4320 1133 4374 10,
1153 4320 1191 4366 ll.
1256 4320 1280 4367 id
1303 4321 1392 4368 Portet
1415 4319 1483 4379 Quid
1500 4322 1570 4371 Paris
1594 4324 1624 4373 ad

463 4384 519 4435 chre
532 4384 646 4435 Horatius
657 4382 779 4433 exornavit
791 4384 932 4433 tenmntiam
949 4382 1026 4432 hanc:
1060 4381 1122 4431 itanc
1136 4383 1267 4431 Antenoris
1285 4384 1446 4433 sententiani
1464 4396 1590 4451 repugnat,
1601 4397 1625 4437 et

463 4449 583 4498 Homerus
600 4447 715 4515 exemplis
729 4456 778 4497 tam
792 4446 909 4503 stultitiae,
922 4446 1025 4502 sceleris,
1059 4452 1095 4501 ιιῑ,
1106 4443 1198 4495 reddita
1208 4447 1312 4505 Helena,
1323 4448 1404 4497 ealrue
1415 4459 1498 4513 regnet
1508 4460 1532 4500 et
1542 4452 1623 4501 beatus

463 4512 670 4573 lrbrdrnre,etirae,
683 4528 755 4577 quam
767 4511 909 4578 prudentiae,
922 4510 1026 4576 pietatis,
1059 4509 1132 4568 vivat,
1151 4510 1287 4576 persuaderi
1310 4512 1408 4561 omuino
1430 4514 1522 4579 nequit.
1567 4517 1623 4581 Cogi

461 4573 1026 4640 virtutie,etcontinentiaeegregieadumbratia,
1057 4590 1119 4635 porse
1135 4587 1225 4638 negat:
1245 4592 1294 4625 non
1311 4576 1372 4624 dixit
1392 4578 1489 4642 quidem
1510 4579 1581 4629 Paria
1597 4596 1622 4631 sc

461 4648 486 4687 et
501 4650 556 4693 ante
573 4643 656 4693 oculos
672 4640 763 4709 positis,
781 4640 876 4707 planiae
891 4646 916 4689 et
931 4638 1026 4698 melius,
1059 4638 1113 4703 cogi
1124 4654 1172 4687 non
1183 4654 1261 4705 poete,
1271 4641 1312 4692 ted
1323 4641 1492 4693 convenienter
1504 4642 1541 4692 lis
1552 4644 1622 4695 dictie
