3659 5892
481 537 512 600 iv
921 537 1193 605 PRAEFATIO.

481 722 675 801 Fritscbius,
690 735 728 789 ut
743 721 945 788 satisfaceret
958 725 1120 810 ejusmodi
1133 725 1286 791 editionis
1300 725 1477 804 desiderio,
1491 722 1645 790 Gesneri

481 842 657 908 editionem
679 844 773 908 novis
796 844 930 909 dotibus
950 845 1143 910 instructam
1164 843 1345 910 recudendi
1366 843 1510 929 cepisset
1531 833 1646 908 consi-

480 959 576 1042 lium3
599 961 689 1040 mihi,
708 972 747 1026 ut
769 983 841 1026 eam
860 983 1139 1048 recognoscerem,
1155 973 1200 1041 et,
1220 962 1293 1028 aliie
1316 963 1463 1041 resectis,
1482 960 1555 1026 aliis
1577 961 1645 1026 ad-

476 1081 586 1165 jectis,
602 1079 816 1166 diffingerem,
837 1077 948 1146 oblata
964 1091 1017 1146 est
1037 1082 1081 1146 ab
1101 1079 1158 1147 illo
1174 1079 1329 1147 conditio.
1374 1079 1443 1146 Sed
1458 1102 1501 1144 ex
1515 1079 1642 1156 causis,

480 1219 563 1282 quas
590 1220 839 1265 commemorare
868 1197 951 1262 nihil
979 1199 1107 1277 attinet,
1133 1220 1205 1264 eam
1234 1197 1416 1284 repudiavi,
1438 1198 1538 1262 etad
1559 1219 1643 1262 eum

481 1318 593 1402 potius
616 1317 772 1397 laborem,
786 1317 845 1403 qui
867 1340 961 1382 novae
979 1316 1077 1403 plane
1095 1318 1232 1383 editioni
1255 1317 1494 1402 impendendus
1514 1317 1568 1393 sit,
1583 1337 1642 1380 me

480 1434 656 1520 proclivem
671 1459 743 1502 esse
758 1435 928 1523 professus
944 1458 1026 1500 sum.
1072 1437 1213 1504 Placuit.
1257 1434 1344 1500 Rem
1358 1434 1500 1518 suscepi,
1514 1444 1549 1500 et
1563 1456 1642 1499 sus-

482 1563 587 1639 cepte
599 1555 647 1619 rei
662 1565 773 1640 partes
788 1575 850 1641 pro
864 1553 949 1618 virili
963 1555 1126 1624 sustinere
1140 1555 1264 1622 studui.

523 1671 619 1740 Nihil
646 1684 756 1740 autem
783 1674 876 1758 prius
904 1671 985 1738 mibi
1013 1671 1199 1740 faciendum
1225 1695 1299 1740 esse
1323 1672 1448 1756 putavi,
1473 1693 1571 1757 quam
1598 1683 1641 1738 ut

479 1799 605 1860 textum
634 1793 746 1858 darem
771 1791 1079 1858 emendatissimum.
1124 1792 1242 1878 ltaque
1267 1793 1302 1858 in
1327 1791 1409 1858 locis
1434 1791 1545 1856 dubiis
1566 1813 1639 1858 non

479 1920 578 1978 certae
601 1911 771 1994 cujusdam
793 1909 947 1976 editionis
970 1913 1196 1978 auctoritatem
1219 1920 1351 1979 secutus
1374 1931 1457 1988 sum,
1480 1910 1540 1975 sed
1561 1911 1640 1995 ipae

478 2026 634 2094 lectiones
658 2027 832 2114 diligenter
854 2030 1154 2116 exeuntesque
1176 2041 1243 2098 tam
1260 2031 1382 2116 linguae
1404 2051 1503 2115 quam
1525 2039 1638 2114 poetae

479 2147 609 2231 ingenio
638 2145 776 2212 maxime
795 2146 997 2231 respondere
1014 2149 1193 2228 rideretur,
1207 2172 1280 2216 eam
1299 2150 1420 2234 recepi.
1463 2146 1521 2216 Ab
1540 2148 1639 2214 initio

479 2265 613 2351 quidem
638 2264 763 2330 artimus
789 2273 862 2330 erat
887 2273 1014 2330 textum
1039 2267 1085 2332 ita
1110 2267 1279 2346 exhibere,
1300 2279 1339 2334 ut
1360 2267 1416 2334 ille
1437 2289 1458 2332 a
1477 2266 1528 2332 cl.
1552 2264 1638 2330 Mit-

479 2381 672 2450 scherlichio
695 2382 892 2448 constitutus
917 2393 988 2463 est,
1008 2385 1079 2463 sed,
1100 2408 1175 2451 cum
1195 2386 1230 2450 in
1251 2385 1407 2452 lectiones
1433 2385 1636 2462 incidissem,

478 2502 598 2587 quibus
625 2510 661 2566 ut
687 2500 876 2568 accederem
901 2522 922 2565 a
947 2523 999 2566 me
1025 2503 1200 2588 impetrare
1225 2525 1292 2569 non
1320 2513 1479 2588 poteram,
1502 2502 1636 2568 abhoc

477 2619 613 2686 consilio
631 2619 764 2697 recessi,
778 2627 815 2683 et
827 2640 899 2684 meo
913 2619 1018 2704 ipsius
1033 2621 1160 2706 judicio
1182 2621 1217 2686 in
1238 2621 1416 2707 seligendis
1436 2620 1635 2687 lectionibus

477 2760 528 2806 me
545 2738 617 2823 regi
629 2759 748 2822 passus
764 2759 845 2804 sum.
892 2738 995 2814 Quod
1011 2739 1040 2804 si
1054 2740 1146 2826 prius
1165 2739 1325 2818 fecissem,
1341 2741 1412 2804 sine
1425 2739 1634 2804 hesitatione

477 2879 507 2922 v.
525 2877 554 2922 c.
570 2877 644 2922 cum
659 2855 810 2922 Bentleio
824 2855 847 2933 i,
863 2857 896 2934 3,
915 2855 967 2933 18,
981 2858 1080 2924 rectia
1094 2880 1166 2944 pro,
1181 2859 1289 2935 ciceia
1304 2869 1339 2923 et
1353 2859 1376 2936 i,
1391 2859 1425 2936 6,
1444 2859 1495 2936 18,
1509 2858 1635 2922 affictis

476 2997 548 3060 pro,
572 2973 669 3038 sectis
692 2973 904 3059 scripsissem.
951 2971 1007 3039 Ne
1030 2984 1140 3041 umen
1157 2975 1299 3042 levitatis
1319 2976 1576 3060 temeritatisque
1597 2978 1633 3042 in

475 3091 651 3158 lectiorm
670 3091 801 3158 delectu
816 3090 896 3156 mibi
910 3090 1041 3176 culpam
1052 3093 1289 3172 contraherem,
1298 3116 1364 3160 non
1377 3094 1481 3160 solum
1491 3094 1633 3160 lectores

477 3211 520 3280 de
542 3209 690 3276 lectionis
706 3209 862 3276 varietate
888 3208 1063 3295 diligenter
1084 3213 1120 3278 in
1141 3214 1227 3280 notis
1247 3215 1369 3292 monui,
1390 3214 1450 3280 sed
1472 3213 1634 3278 rationem

477 3349 620 3413 quoque,
635 3349 694 3396 cur
714 3349 830 3395 novam
851 3329 1007 3413 antiquar,
1022 3330 1074 3396 vel
1095 3333 1262 3416 antiquam
1283 3353 1376 3398 novoe
1395 3330 1528 3398 lectioni
1547 3353 1634 3416 prar-

477 3445 606 3525 ferrem,
628 3467 756 3532 semper
776 3445 902 3512 addidi.
948 3447 1082 3514 Horatii
1101 3449 1263 3516 editorum
1282 3459 1317 3516 et
1332 3449 1469 3516 aliorum
1488 3450 1632 3516 virorum

477 3566 659 3646 doctorum,
671 3588 702 3631 v.
713 3586 742 3630 c.
755 3563 946 3632 Marklandi
961 3565 1073 3653 Epod.
1089 3570 1123 3646 2,
1135 3569 1189 3646 717,
1204 3569 1400 3653 conjecturis
1415 3579 1485 3634 tum
1500 3568 1632 3634 demum

476 3683 581 3750 locum
604 3685 853 3770 relinquendum
877 3705 951 3752 esse
973 3688 1097 3765 censui,
1121 3707 1207 3764 cum,
1227 3687 1267 3752 iis
1289 3687 1444 3772 receptis,
1467 3697 1631 3771 apertum,

476 3823 542 3886 quo
556 3801 726 3870 laborabat
742 3803 858 3882 oratio,
875 3802 1044 3870 tolleretur
1058 3807 1182 3871 mtium.
1226 3804 1267 3870 In
1281 3826 1347 3870 uno
1369 3804 1454 3883 loco,
1467 3805 1510 3882 iv,
1526 3804 1559 3882 8,
1577 3805 1629 3883 17,

475 3920 532 4004 qui
546 3941 567 3984 a
580 3922 817 3988 recentioribus
832 3921 1068 4006 interpretibus
1090 3933 1128 3988 ut
1147 3922 1239 3990 locus
1260 3934 1434 4007 suspectus
1447 3933 1483 3988 et
1496 3923 1629 4008 spurius

475 4037 632 4104 asterisco
657 4050 789 4106 notatus
814 4038 887 4117 fixit,
914 4039 1060 4106 mihimet
1082 4042 1147 4126 ipsi
1169 4041 1304 4110 liberius
1327 4042 1460 4120 indulsi,
1482 4053 1528 4121 et,
1549 4063 1630 4108 voce

475 4155 622 4220 immuta
640 4157 675 4222 in
697 4157 857 4243 stipmrdia
881 4167 1017 4237 munta,
1033 4159 1268 4240 difficultatem,
1283 4183 1350 4246 qua
1368 4160 1423 4226 bic
1442 4160 1533 4228 locus
1555 4183 1630 4246 pre-

475 4274 636 4352 mebatur,
660 4277 792 4342 removi.
839 4275 1008 4343 Praeterea
1032 4301 1097 4364 ego
1118 4279 1190 4366 ipse
1213 4281 1248 4346 in
1270 4291 1365 4346 textu
1387 4278 1468 4346 nibil
1493 4279 1629 4357 tentari,

474 4391 538 4456 nisi
560 4392 650 4476 quod
668 4394 713 4472 iii,
729 4397 762 4472 2,
779 4395 799 4458 5
819 4395 1011 4480 particulam
1033 4407 1075 4474 et,
1099 4419 1175 4482 quoe
1196 4398 1276 4464 mibi
1297 4398 1464 4484 superflua
1485 4398 1533 4462 ibi
1554 4418 1628 4462 esse

474 4508 660 4591 videbatur,
687 4511 859 4578 delendam
888 4517 1009 4580 curavi.
1061 4516 1102 4582 ln
1130 4517 1339 4602 conjecturis,
1368 4537 1450 4600 quas
1477 4517 1513 4580 in
1540 4515 1627 4581 notis

474 4628 642 4736 proposui,
665 4651 731 4696 una
752 4641 803 4730 est
826 4631 938 4727 Epod.
960 4637 1010 4714 17,
1031 4637 1086 4715 81,
1107 4659 1182 4722 quae
1204 4657 1271 4702 non
1293 4635 1383 4713 mibi,
1408 4621 1468 4702 sed
1487 4634 1628 4702 Amicis·
