3659 5892
428 482 492 549 248
903 481 1107 545 EPODON

643 635 690 700 Ut
705 634 829 720 gaudet
843 634 973 699 insitiva
985 633 1166 718 decerpens
1181 656 1274 719 pyra,

581 739 625 801 20
797 737 986 801 Certantem
1000 745 1034 799 et
1047 758 1142 799 uvam
1158 757 1324 820 purpurae,

646 841 723 915 Qua
737 848 926 904 muneretur
940 848 985 915 te,
1002 838 1134 922 Priape,
1149 848 1184 901 et
1198 848 1243 915 te,
1258 850 1352 923 pater

797 941 939 1017 Silvane,
952 950 1042 1005 tutor
1055 940 1180 1003 finium.

647 1044 747 1111 Libet
757 1046 879 1130 jacere,
892 1044 991 1108 modo
1006 1044 1069 1107 sub
1084 1044 1218 1125 antiqua
1231 1041 1316 1119 ilice,

797 1146 902 1211 Modo
917 1146 951 1208 in
967 1144 1073 1209 tenaci
1087 1144 1242 1228 gramine.

581 1250 625 1314 25
648 1247 823 1313 Labuntur
837 1247 911 1311 altis
926 1247 1057 1311 interim
1069 1247 1150 1330 ripis
1165 1268 1270 1329 aquae,

797 1350 992 1425 Queruntur
1006 1348 1040 1411 in
1055 1347 1143 1411 silvis
1158 1369 1246 1425 aves,

647 1451 833 1535 Fontesque
849 1450 990 1535 lymphis
1005 1452 1201 1534 obstrepunt
1214 1453 1432 1531 manantibus,

800 1554 939 1617 Somnos
954 1551 1044 1636 quod
1059 1552 1173 1617 invitet
1186 1551 1284 1618 leves.

650 1654 698 1721 At
713 1678 813 1743 quum
827 1655 989 1719 Tonantis
1004 1676 1109 1718 annus
1122 1653 1280 1721 hibernus
1295 1654 1389 1721 doris

583 1760 627 1823 30
799 1757 925 1823 Imbres
940 1758 1095 1840 nivesque
1109 1768 1287 1842 comparat,

648 1860 720 1925 Aut
734 1861 838 1925 trudit
853 1882 945 1925 acres
959 1858 1036 1925 hinc
1051 1870 1086 1924 et
1100 1859 1176 1925 binc
1190 1859 1292 1925 multa
1305 1882 1386 1927 cane

800 1960 911 2047 Apros
927 1963 961 2026 in
975 1962 1143 2026 obstantes
1159 1962 1290 2047 plagas3

434 2101 472 2149 eni
490 2114 575 2147 mneos
591 2099 685 2147 clenica
699 2098 768 2159 pulsu
780 2097 881 2171 fugent.
912 2098 992 2155 Trncs',
1025 2098 1587 2161 pemissitiosnneatiqaitrndidsrnntrunust,

434 2162 496 2213 reler
515 2162 545 2211 ad
567 2161 694 2212 terribilem
715 2162 811 2210 classici
832 2178 927 2217 sonum,
947 2178 995 2227 quo
1026 2178 1070 2223 qao
1086 2170 1170 2212 tacete
1186 2172 1209 2211 et
1219 2163 1280 2226 fissa
1295 2163 1364 2210 ester
1379 2171 1472 2209 resectos
1486 2163 1589 2209 sarcula

435 2226 524 2276 milites
545 2243 574 2275 ex
599 2242 682 2275 somtm
705 2234 859 2275 exterrentur.
892 2228 995 2288 Superbe
1027 2227 1121 2287 occipit.
1155 2225 1228 2275 Ovid.
1247 2226 1319 2275 Rem.
1339 2225 1397 2273 Am.
1419 2226 1474 2279 195,
1497 2226 1591 2274 l'snerit

436 2294 526 2347 limine,
546 2290 654 2355 intellige
676 2290 803 2353 magnifica
824 2298 848 2340 et
870 2290 997 2355 splendida
1028 2292 1115 2345 insitio,
1129 2289 1176 2355 sut·
1198 2308 1289 2338 samum
1310 2305 1389 2338 remus
1416 2292 1527 2351 adoptett
1555 2289 1591 2337 cl'.

435 2357 503 2411 atria,
522 2370 578 2420 quse
599 2356 698 2405 clientes
720 2354 850 2403 salutatum
874 2355 997 2405 venientes
1030 2353 1099 2415 virg.
1111 2356 1174 2403 (iso.
1186 2354 1212 2411 ii,
1222 2356 1254 2403 'ld
1262 2370 1315 2419 sqq.
1338 2355 1470 2408 felicianas,
1483 2352 1592 2417 intellige

436 2422 553 2469 terebant.
586 2420 626 2469 Cl.
646 2420 746 2469 illitsch.
766 2418 872 2483 explicat
889 2422 996 2480 superte,
1029 2418 1137 2467 surculos
1156 2419 1332 2531 (Ppiorp'res'se)
1349 2435 1364 2467 e
1383 2417 1499 2466 nobiliore
1517 2418 1591 2483 stirpe

437 2486 479 2533 ubi
490 2484 590 2549 superbe
602 2484 701 2534 clientes
709 2492 848 2540 tractentur,
860 2494 997 2548 comparato
1030 2490 1171 2557 prognatum
1205 2484 1244 2531 inc
1260 2486 1351 2531 artam
1356 2483 1449 2547 felices,
1461 2482 1487 2530 in
1501 2482 1591 2546 quibus

437 2549 491 2597 loco
506 2550 647 2599 Columella
667 2547 739 2599 Prel.
754 2548 772 2604 i,
785 2550 799 2597 t
811 2564 864 2612 sqq.
877 2548 920 2597 ubi
934 2547 998 2597 inter
1030 2546 1134 2595 melioris
1151 2556 1214 2597 note
1231 2563 1301 2613 poma
1318 2556 1451 2595 nascuntur
1463 2548 1593 2609 (memte

438 2613 484 2661 alia
505 2613 601 2669 dicitur,
631 2630 700 2678 neque
729 2616 788 2661 enim
816 2614 920 2675 regenti,
941 2615 997 2674 quid
1031 2610 1190 2673 olrannum),
1203 2613 1294 2667 Lim,
1312 2613 1590 2675 limetlujelitnrbor,

438 2686 525 2741 agatur
542 2682 615 2733 intus.
632 2680 766 2740 respondere
782 2677 841 2725 servi
856 2680 998 2740 dignentur.
1030 2676 1257 2789 nilildtrugs'serunt
1278 2678 1305 2724 in
1326 2678 1391 2740 egris
1412 2678 1537 2724 relictum:
1558 2675 1592 2724 cl.

439 2742 552 2791 Ceterum
563 2743 628 2792 bunc
640 2743 718 2791 locum
737 2740 887 2791 Claudianus
902 2756 999 2805 quoque
1032 2738 1093 2789 Clau
1113 2776 1120 2789 .
1140 2757 1164 2796 ι.
1188 2742 1230 2790 66.
1271 2741 1386 2795 denete,
1409 2755 1445 2787 ac.
1467 2740 1493 2787 iu
1513 2739 1591 2799 sinus,

438 2806 465 2855 in
482 2807 575 2855 rustice
592 2806 647 2855 vitre
664 2806 821 2871 descriptione
839 2806 945 2855 imitatus
964 2814 1001 2855 est
1032 2802 1057 2851 lt.
1071 2820 1093 2853 e.
1107 2821 1187 2860 curva,
1200 2814 1227 2853 ut
1237 2821 1291 2870 sup.
1304 2805 1322 2861 i,
1337 2805 1375 2860 tt,
1390 2804 1429 2861 17,
1444 2804 1513 2867 Virg.
1531 2806 1592 2853 AEn.

439 2869 475 2928 lii,
494 2886 518 2919 ιι.
538 2871 562 2923 7.
580 2872 604 2928 8,
621 2872 750 2937 Nonfrete
767 2880 879 2919 mercator
893 2873 998 2926 tremuit,
1032 2868 1140 2925 vitant.
1169 2870 1338 2933 Magientium:
1356 2883 1469 2917 resonans
1486 2868 1550 2917 enim
1565 2870 1592 2918 in

439 2936 589 2985 nmelnssice
601 2938 673 2993 mites,
687 2936 740 2983 Non
753 2938 822 2983 rauci
837 2937 887 2983 lites
900 2937 1000 2997 pertulit
1031 2933 1104 2982 vastis
1125 2934 1187 2999 agris
1205 2936 1279 2983 boum
1300 2933 1406 2996 mugitus
1426 2932 1456 2981 ad
1478 2948 1515 2990 sa,
1535 2949 1592 2999 que

440 3000 548 3065 illejbri.
1032 3013 1107 3046 rerum
1129 2999 1258 3063 agrestium
1278 3006 1386 3047 amantes
1407 2996 1536 3055 delectant,
1555 3015 1593 3047 re·

473 3065 563 3112 9—14.
580 3063 691 3112 nt'otestis
706 3064 765 3120 illis,
775 3063 815 3112 vel
826 3063 856 3111 ad
871 3071 999 3127 quaestum,
1032 3062 1086 3111 terri
1096 3064 1165 3113 solet.
1200 3064 1269 3126 Virg.
1281 3062 1344 3111 Geo.
1357 3061 1383 3116 ii,
1395 3063 1452 3118 tto,
1470 3061 1592 3125 Magitus·

441 3126 479 3177 vel
496 3128 527 3175 ad
543 3128 623 3191 gloriae
638 3137 663 3176 et
677 3128 793 3177 bonorum
808 3127 924 3183 studium,
932 3143 1000 3201 speo-
1031 3143 1074 3190 que
1084 3130 1162 3186 ὸοιιιιι,
1173 3130 1292 3191 saciusque
1305 3129 1347 3176 sab
1363 3128 1443 3174 urbere
1454 3130 1526 3175 mni
1539 3127 1592 3175 ll'ort

377 3212 380 3217 ·
441 3191 547 3240 tentibus
564 3192 673 3256 negotiis,
690 3194 788 3258 opponit
804 3206 898 3256 eaqure
915 3208 1001 3241 miram
1031 3196 1122 3241 duent.

442 3254 467 3303 in
479 3256 542 3319 agris
552 3258 697 3321 voluptatem
709 3266 797 3305 creant.
832 3258 867 3306 Ut
880 3272 909 3305 eo
925 3256 1002 3320 magis
1068 3258 1172 3305 15-22.
1189 3258 1238 3305 Aet
1256 3272 1332 3317 presse
1348 3259 1413 3317 priris
1430 3255 1498 3303 melle
1515 3258 1595 3305 mndit

443 3329 524 3369 autem
540 3331 658 3386 appareat,
671 3332 763 3387 quanta
779 3320 872 3369 illorum
886 3321 919 3370 sit
932 3322 1002 3386 copia
1033 3323 1159 3383 emptoris:
1177 3320 1308 3371 Columell.
1319 3320 1354 3376 ir,
1368 3322 1407 3376 15,
1420 3321 1444 3377 ³,
1460 3320 1506 3367 Uti
1516 3321 1594 3384 lique-

442 3392 466 3433 et
483 3385 593 3443 varietas,
611 3402 660 3433 non
674 3385 779 3435 ordinem
791 3385 911 3449 quendam
929 3385 954 3433 in
971 3386 1002 3433 iis
1034 3396 1084 3435 tam
1106 3388 1149 3433 mel
1176 3389 1202 3433 in
1223 3388 1350 3448 tapnim
1377 3387 1474 3451 defleuit
1492 3386 1595 3445 atnam,

442 3449 595 3499 recensendis
611 3459 697 3506 servat,
715 3449 758 3499 sed
775 3464 804 3497 ea
825 3458 929 3505 tantum,
947 3463 1001 3515 que
1033 3452 1177 3514 nensfmar
1207 3454 1234 3497 in
1258 3466 1311 3498 erse
1330 3451 1431 3513 fictilia.
1475 3449 1594 3514 Infirmos,

443 3522 527 3577 sponte
544 3514 622 3563 animo
640 3514 778 3570 offeruntur,
795 3512 894 3562 delibat.
928 3514 1000 3579 Ergo,
1033 3523 1119 3563 natura
1140 3514 1204 3563 enim
1225 3529 1270 3563 sua
1291 3513 1422 3563 imbecilles
1444 3522 1501 3563 sunt
1522 3527 1595 3578 oven

444 3576 464 3625 is
474 3577 554 3642 igitur,
565 3590 606 3628 rut
617 3580 789 3629 adulterinam
800 3580 1001 3641 propagineAltes
1033 3579 1089 3628 binc
1104 3579 1153 3627 illa
1162 3578 1226 3644 apud
1238 3578 1353 3628 Ovidium
1367 3594 1474 3645 quoque,
1493 3579 1533 3627 lb.
1551 3581 1594 3640 tt,

443 3646 539 3692 maritat
549 3646 651 3705 populos,
664 3654 705 3693 aut
721 3642 781 3691 vites
796 3642 904 3692 novellas
916 3644 1000 3704 (Sene
1033 3646 1149 3707 infirmnm
1165 3659 1233 3706 pecus
1250 3642 1361 3691 audiunt.
1395 3646 1472 3698 Qttttns
1489 3646 1596 3694 decom

442 3708 523 3771 sebert)
540 3710 646 3757 annectit
664 3708 758 3783 populis
768 3725 775 3767 ;
796 3708 856 3757 vites
872 3707 935 3756 enim
954 3723 1002 3757 non
1033 3710 1127 3756 mitibus
1137 3711 1207 3769 pernis
1218 3718 1290 3771 capnt
1302 3710 1446 3758 Auetumnns
1455 3711 1519 3758 ervis
1528 3718 1595 3757 estas

444 3774 513 3820 ulmis
530 3781 622 3821 tantum
636 3774 697 3835 (nd.
710 3790 764 3839 sup.
775 3773 805 3822 ad
817 3772 843 3827 ii.
858 3775 896 3829 15,
909 3775 948 3833 t),
961 3772 1002 3821 sed
1034 3774 1072 3829 lit,
1091 3772 1159 3821 suavi
1181 3772 1286 3837 imagine
1304 3790 1347 3839 pro
1365 3772 1467 3837 vulgari,
1489 3774 1596 3839 tempore

444 3836 515 3885 etiam
525 3840 616 3900 populis
626 3837 724 3901 adjungi
734 3837 857 3889 solebant:
874 3836 924 3886 vid.
937 3837 1004 3887 Plin.
1035 3837 1174 3886 auctumni:
1186 3841 1301 3893 demna,
1311 3839 1431 3902 exquisite
1439 3838 1598 3911 propaletis

445 3900 493 3959 xiv,
509 3903 531 3949 1.
564 3903 655 3950 Adulte
666 3905 746 3951 vitium
759 3904 887 3967 propagine
902 3901 1006 3951 suaviter
1036 3901 1074 3951 vel
1090 3906 1136 3951 rite
1149 3905 1292 3958 redimitam,
1307 3913 1336 3951 ut
1350 3918 1405 3968 sup.
1420 3902 1455 3960 iit,
1469 3904 1508 3961 ll,
1519 3903 1545 3959 t,
1555 3907 1596 3951 de·

445 3965 475 4014 de
493 3965 593 4016 novellis
609 3966 706 4023 vitibus,
722 3982 799 4031 usque
813 3982 841 4015 eo
859 3966 957 4023 adultis,
967 3968 1005 4017 vel
1035 3984 1092 4016 esre
1103 3968 1210 4029 Suppliee
1220 3969 1278 4015 vitta
1290 3966 1414 4079 Virpinass
1421 3978 1513 4016 matres.
1533 3970 1597 4017 Aac·

445 4038 538 4079 tantum
551 4030 639 4079 roboris
651 4031 735 4087 nactis,
748 4030 810 4081 utin
822 4030 919 4081 arbusta
927 4040 1004 4081 trans-
1037 4043 1130 4079 tamnus
1143 4046 1206 4086 vero,
1218 4031 1254 4079 uti
1267 4032 1332 4080 Bacc
1350 4030 1447 4088 uslere,
1459 4047 1597 4082 coroname

477 4094 501 4143 ni
512 4103 616 4159 possem,
629 4096 692 4161 quod
703 4097 775 4145 fiebat
785 4111 848 4145 anno
858 4097 941 4145 tertio:
954 4096 1003 4145 vid.
1035 4095 1107 4145 ramis
1121 4094 1241 4160 pomiferis
1257 4104 1394 4145 contextam
1409 4096 1488 4161 capite
1504 4105 1598 4162 gestare

446 4110 513 4208 l’lin.
525 4158 582 4216 xvii,
594 4162 635 4216 23,
647 4170 672 4209 et
682 4160 811 4210 Columell.
821 4160 850 4209 de
863 4162 950 4210 Arbor.
961 4161 1003 4209 vii.
1035 4162 1147 4224 tingitur:
1178 4160 1226 4208 vid.
1249 4160 1356 4223 Boettig.
1389 4160 1498 4218 linitiva,
1521 4160 1598 4227 ipsius

446 4224 563 4273 Meritet:
582 4224 631 4273 vid.
650 4240 704 4290 sup.
723 4224 753 4273 ad
771 4226 803 4283 iv,
821 4228 846 4281 5,
862 4226 903 4275 30.
943 4226 1003 4274 lna·
1036 4223 1467 4291 manuinserta(settstgepfropt'ts).
1493 4226 1596 4288 Priape3

446 4290 539 4353 tiletpne
564 4290 633 4355 jitce
658 4300 779 4353 emptarum
811 4290 933 4339 Feliciores
966 4293 1004 4337 in·
1037 4290 1126 4363 Priapo
1136 4290 1209 4345 enim,
1224 4299 1251 4337 ut
1267 4288 1387 4337 bonorum
1401 4291 1456 4345 deo,
1471 4305 1597 4356 pomorum

444 4356 509 4411 serit,
526 4362 550 4403 et
567 4369 628 4419 opus
646 4352 765 4402 insitionis
783 4355 874 4419 peragit
890 4358 960 4418 (nos,
978 4372 1005 4402 er
1035 4353 1321 4419 primitiaeofferebsntur:
1333 4354 1513 4411 cl.Catull.rx,
1522 4354 1597 4404 6-9.

442 4418 535 4485 psrepst
548 4420 598 4467 und
613 4420 711 4467 veredelt
724 4420 842 4482 mama),
860 4419 926 4484 quod
936 4419 971 4477 fit,
983 4419 1004 4467 si
1036 4422 1138 4473 Sitoeae,
1150 4420 1322 4482 tutorfininm:
1338 4417 1370 4467 es.
1382 4434 1436 4483 sup.
1447 4418 1483 4475 iii,
1494 4420 1535 4477 29,
1546 4420 1589 4467 23.

446 4482 556 4532 arborum
568 4483 667 4540 truncis,
678 4482 742 4532 unde
753 4484 812 4532 mmi
824 4487 919 4533 inutiles
930 4484 969 4545 (b.
981 4498 1004 4532 e.
1068 4484 1175 4531 att-ae.
1203 4483 1232 4533 In
1258 4487 1335 4531 tenaci
1356 4485 1474 4545 panias,
1495 4482 1522 4531 in
1546 4492 1598 4532 toro

445 4548 546 4605 steriles,
566 4556 591 4597 et
606 4564 636 4597 ex
655 4548 755 4613 ignobili
772 4548 844 4614 stirpe
863 4548 1004 4615 procreati),
1037 4547 1179 4611 gramine03
1204 4558 1281 4603 tenes,
1302 4547 1425 4613 epitheton
1447 4562 1543 4606 ornans,
1566 4548 1598 4597 nd

445 4613 608 4671 resentirent,
626 4612 784 4695 generosiores
800 4622 824 4662 et
843 4612 1004 4663 loecundiorss
1037 4620 1147 4661 naturam
1168 4610 1290 4675 graminis,
1311 4613 1376 4676 quod
1395 4614 1512 4663 tenaciter
1528 4621 1598 4661 terre

446 4676 588 4727 inseruntur.
620 4678 748 4729 tolumell.
762 4694 784 4733 v,
798 4680 836 4735 ll,
851 4678 1002 4741 Triegrnere
1036 4677 1151 4733 adheret,
1165 4692 1208 4725 nec
1220 4676 1289 4726 facile
1306 4676 1426 4727 indecem
1438 4676 1517 4728 radice
1526 4676 1599 4727 evelli
