3659 5892
477 540 755 610 EPISTOLA
785 540 857 609 ΑΙ)
885 542 1125 611 P1soNES.
1314 544 1374 610 541

310 695 379 761 Seu
392 716 524 761 cursum
537 695 674 761 mutavit
685 695 833 778 iniquum
846 692 999 784 frugibus
1014 696 1128 773 amnis,

310 796 440 863 Doctus
454 799 518 863 iter
531 798 663 862 melius:
686 796 834 861 mortalia
848 796 935 862 iacta
950 797 1114 881 peribunt,

310 898 446 963 Nedum
459 921 644 964 sermonum
658 910 723 963 stet
736 898 842 963 bonos
856 908 891 963 et
904 900 1011 983 gretie
1024 900 1129 965 deux.

245 1001 290 1065 70
311 1000 420 1065 Multo
434 1012 656 1079 renascentur,
671 1022 746 1085 quae
755 1001 825 1085 jam
840 1000 999 1077 cecidere,
1012 1002 1195 1086 cadentque

312 1102 399 1175 Quae
413 1124 500 1168 nunc
515 1113 591 1168 sunt
605 1104 639 1167 in
653 1101 777 1167 honore
792 1101 961 1180 vocabule,
978 1103 1006 1166 si
1019 1102 1106 1167 volet
1121 1123 1212 1180 usus,

312 1204 421 1276 Quem
434 1226 535 1290 penes
549 1204 718 1269 arbitrium
733 1213 833 1269 estet
842 1203 899 1288 jus
914 1214 948 1267 et
963 1226 1075 1268 nonna
1089 1203 1254 1287 loquendi.
1337 1214 1341 1221 '

355 1304 426 1370 Res
440 1318 545 1390 gestie
556 1327 736 1391 regumque
750 1306 936 1389 ducumque
951 1316 985 1371 et
999 1306 1105 1369 tristia
1116 1305 1213 1385 belle,

313 1405 390 1480 Quo
404 1408 503 1472 scribi
516 1418 653 1492 possent
665 1428 812 1483 numero,
826 1408 1017 1471 monstravit
1032 1405 1209 1473 Homerus.

250 1505 295 1570 75
315 1506 477 1574 Versibus
491 1510 657 1593 impariter
666 1509 791 1595 junctis
804 1508 1007 1591 querimonia
1019 1509 1169 1592 primum,

313 1608 396 1673 Post
409 1611 507 1675 etiam
520 1610 646 1675 incluse
659 1620 711 1675 est
721 1611 788 1675 voti
803 1612 965 1675 sententia
979 1630 1122 1695 compos.

314 1712 400 1785 Quis
412 1722 519 1776 tamen
535 1713 673 1797 exiguos
686 1711 798 1796 elegos
811 1712 956 1776 emiserit
969 1721 1094 1788 auctor,

314 1812 528 1879 Grammatici
542 1824 679 1891 certent,
694 1824 729 1877 et
742 1812 852 1877 adbuc
865 1814 928 1877 sub
939 1812 1052 1896 judice
1066 1812 1106 1877 lis
1120 1823 1181 1879 est.

314 1913 550 1980 Archilochum
563 1915 697 1999 proprio
712 1914 820 1979 rabies
835 1914 970 1978 armavit
984 1914 1109 1978 iambo:

250 2019 293 2083 80
314 2017 415 2081 Hunc
431 2017 518 2081 socci
532 2037 649 2101 cepere
664 2015 792 2100 pedem,
807 2014 1014 2100 grandesque
1030 2014 1192 2093 cothurni,

315 2116 461 2208 Alternis
476 2130 589 2205 aptum
603 2117 817 2194 sermonibus,
832 2126 867 2181 et
880 2114 1056 2201 populures

315 2219 509 2311 Vincentem
523 2219 691 2303 strepitus,
706 2229 741 2283 et
753 2229 866 2283 natum
879 2220 979 2283 rebus
994 2218 1140 2303 agendis.

231 2423 311 2484 (mare
328 2420 354 2469 iu
371 2421 450 2469 sinum
468 2428 537 2469 term
554 2421 691 2487 receptum)
710 2424 789 2471 classa
822 2420 867 2469 Res
882 2430 984 2486 gesturi
995 2422 1062 2477 belis,
1073 2432 1189 2483 premisse
1207 2423 1311 2481 Homero,
1322 2429 1379 2476 ccle-

230 2488 383 2551 Aquilouibus
397 2495 461 2533 arcet
472 2484 581 2545 (inverse
597 2485 750 2541 constructio,
762 2493 790 2535 ut
821 2487 922 2533 brantio
932 2487 1065 2534 isuamcsris
1072 2504 1081 2545 ,-
1098 2490 1199 2535 carusius
1220 2488 1325 2553 Elegieco
1334 2508 1381 2540 nors

230 2548 791 2678 emuniter„
821 2551 1380 2618 ⁰¹0*

230 2677 406 2739 didissimusu),
417 2680 544 2740 sterilisque
554 2680 597 2726 diu
608 2632 792 2741 pcislsmpicqus
822 2680 851 2726 ds
867 2680 898 2727 iis
919 2694 969 2742 que
984 2694 1010 2726 cr
1025 2650 1076 2727 ocio
1091 2689 1213 2735 mmm.
1228 2654 1381 2742 mossur}

231 2745 301 2791 sessis
312 2740 495 2805 (navigabilis),
511 2742 604 2790 Vicinus
620 2742 713 2806 (nunc)
724 2745 792 2791 urbes
822 2756 899 2791 sersus
920 2744 956 2791 ssl
975 2758 1014 2805 pes
1031 2744 1150 2799 unum,
1170 2760 1214 2807 quo
1232 2747 1382 2797 Archilochus

232 2809 288 2863 siit,
300 2816 323 2855 et
339 2820 410 2871 yses
427 2815 534 2854 mrum
551 2809 620 2855 sentit
635 2808 726 2868 (atauo
737 2822 792 2872 pro·
822 2809 913 2869 priscus
931 2809 1053 2869 ecmpomit
1070 2810 1173 2855 cumino
1191 2809 1312 2865 medua,
1329 2828 1382 2860 curs

231 2869 380 2930 sdoditur);
403 2870 450 2917 Seu
467 2870 542 2917 cuuis
559 2869 680 2934 (Tiberis)
699 2886 793 2919 cursem
823 2881 893 2933 optus
911 2879 967 2919 esset
986 2874 1125 2919 sonoribus
1144 2875 1263 2921 miscendis
1278 2883 1300 2922 st
1315 2878 1383 2925 rebus

231 2938 339 2998 iriquum
342 2934 460 3000 frugibus
470 2936 594 2997 (agrorum
612 2935 703 2997 cultui)
714 2944 792 2983 mute·
823 2936 929 2999 agendis,
942 2936 1259 2993 nocentissimorum
1270 2942 1383 2988 mediis

230 3002 275 3055 sit,
288 2998 376 3047 Doctus
387 3000 433 3045 itcr
444 2998 525 3045 melius
542 2998 636 3063 (delsbi
648 2998 741 3047 scilicet
750 2998 789 3047 iti·
821 3008 844 3047 st
861 3001 980 3062 tragediis
994 3002 1083 3047 inussit
1093 3014 1102 3056 ,·
1118 3002 1222 3048 cominu
1240 3000 1314 3064 lyrico
1333 3013 1381 3052 turs

231 3076 290 3112 uera
310 3061 377 3111 haud
396 3060 501 3127 amplius
523 3075 631 3127 agrorum
654 3062 732 3111 cultui
752 3062 790 3111 iu·
822 3064 849 3111 iss
866 3064 881 3109 b
898 3065 956 3111 mnis
970 3064 1063 3111 deorum
1080 3065 1283 3127 iermmpusetiss
1296 3064 1381 3129 l'ps'rss'-

231 3125 321 3188 tecum
337 3142 391 3191 sup.
412 3126 492 3191 Epist.
511 3125 529 3183 i,
550 3128 589 3185 14,
608 3128 649 3183 ³0,
669 3130 690 3176 si
705 3129 792 3177 decidit
822 3128 865 3175 ciis
873 3078 1137 3191 amicorumquom
1148 3130 1382 3179 iurebruodumorss

231 3192 313 3248 brim,
326 3190 405 3238 Multo
416 3193 473 3238 siste
482 3190 596 3239 &nudus
612 3193 793 3255 apricopcrcers
824 3202 846 3239 et
869 3192 933 3239 letus
952 3192 1124 3253 compotationes
1145 3195 1307 3254 mantibus,
1330 3210 1381 3244 uer·

230 3263 312 3317 proso:
332 3253 385 3303 bssc
404 3253 484 3302 omnis
503 3262 562 3302 suut
579 3269 652 3321 opera
671 3254 789 3310 mustelis,
820 3262 913 3303 ssrtsr.

302 3317 430 3384 peribunt;
463 3317 565 3366 uomodo
581 3318 654 3382 igitur
664 3334 790 3367 semorum
855 3319 897 3366 74.
914 3318 1078 3375 Quorsum,
1090 3318 1216 3382 quometri
1228 3334 1322 3383 genere.

232 3334 306 3430 gra-m
326 3332 467 3447 (splendes
488 3391 512 3429 et
536 3386 615 3447 gestis
643 3383 791 3449 (elegantia)
855 3384 897 3431 75.
914 3382 1039 3445 impariter
1048 3386 1150 3447 jussets's,
1172 3383 1293 3447 elegiacis,
1314 3388 1381 3437 ller-

233 3448 302 3494 sioar
311 3449 372 3495 steti
388 3449 451 3509 (non
462 3454 542 3511 pereat
549 3448 574 3508 7)
824 3447 920 3495 umstris
931 3447 1136 3512 Pentemetsisquc
1147 3446 1329 3499 alternantibus.

266 3510 308 3559 65.
334 3510 406 3575 Regis
425 3525 497 3573 opus:
515 3513 582 3574 regie
602 3517 627 3559 st
646 3512 738 3574 regalis
754 3509 792 3559 di·
856 3511 897 3559 76.
918 3511 1380 3581 Votisentcnticcompos,seususvolup-

234 3581 331 3631 cuntur,
358 3590 413 3639 quse
439 3588 535 3622 summa
555 3572 731 3646 maguidoentia
751 3591 793 3624 ss·
824 3575 880 3623 usis
899 3582 925 3624 et
947 3574 1054 3635 istium
1077 3576 1171 3624 letatur
1189 3576 1254 3625 euim
1273 3578 1316 3643 qui
1333 3581 1383 3629 veti

234 3637 426 3703 splendescunt5
458 3637 494 3687 sic
526 3636 627 3687 udiiesa
659 3638 796 3704 ingentibus
826 3637 1106 3704 eujusdsmcomposflt.

233 3702 355 3750 sumtibus
370 3709 492 3752 emuncta
507 3718 537 3751 su
556 3702 625 3751 .0d.
636 3701 663 3758 ii,
679 3706 717 3760 ts,
733 3704 745 3751 l
759 3703 796 3752 di·
859 3704 900 3751 77.
919 3703 1021 3767 Erigon
1033 3705 1114 3768 elegos,
1127 3712 1176 3752 tum
1192 3705 1223 3752 ob
1238 3720 1320 3755 sersus
1336 3706 1381 3756 im·

234 3770 402 3839 cunturrsgs'e
416 3767 492 3814 moin.
523 3718 580 3824 lio,
591 3769 719 3831 sterilisque
735 3768 798 3817 bene
827 3781 989 3831 piusquam
1005 3766 1069 3830 quod
1087 3768 1193 3817 carmine
1206 3768 1312 3833 clegiscs
1329 3770 1382 3822 bse-

235 3829 364 3879 Beutlerus
374 3830 479 3880 meletm
489 3833 616 3889 ueritum
633 3831 659 3879 iu
669 3831 793 3906 particulis
826 3832 890 3881 viora
900 3845 954 3879 esse
964 3830 1051 3880 solent.

234 3894 299 3942 enim
312 3910 355 3958 quc
370 3903 394 3943 et
407 3910 433 3942 ss
448 3909 497 3942 uon
514 3894 578 3959 apud
595 3896 722 3944 Horatium
739 3904 793 3945 tau·
858 3896 900 3944 78.
932 3894 1085 3943 &ammerici
1112 3905 1210 3952 certem,
1238 3912 1273 3945 sc.
1302 3905 1381 3948 utrum

235 3965 298 4015 tum,
309 3965 339 4007 ut
352 3958 462 4025 pluribus
477 3958 539 4007 locis
555 3958 740 4017 observavimus,
750 3961 794 4010 sed
826 3960 995 4025 Polymnestus
1012 3958 1186 4024 Colophonius,
1204 3961 1243 4011 vel
1263 3962 1383 4023 caltinus,

234 4022 307 4072 etiam
316 4021 380 4088 apud
391 4022 452 4071 elios
462 4022 586 4088 scriptores
595 4022 792 4090 sepissimepsc·
824 4024 863 4074 sel
879 4022 1025 4089 Terpander,
1043 4038 1072 4071 an
1089 4023 1207 4074 Theocles
1223 4024 1318 4075 Nauius
1334 4028 1382 4077 ele-

236 4094 392 4135 eatumesta
405 4086 518 4135 librariis.
550 4088 650 4136 Invoco
659 4089 794 4150 palmuiti·
824 4104 908 4153 gerum
937 4095 1019 4137 suctos
1039 4088 1126 4136 suerit:
1155 4088 1204 4139 vid.
1226 4088 1257 4139 dc
1286 4090 1331 4139 bac
1359 4108 1385 4143 re

235 4150 794 4266 submittuntur&
826 4152 971 4267 ibi-*³⁹42
988 4150 1387 4271 {titibzttdittlbt

235 4286 303 4337 saut,
325 4252 500 4345 uoluuunqusm
521 4279 546 4327 in
565 4282 633 4328 tellus
651 4287 676 4329 et
695 4292 797 4331 sauctus
828 4283 858 4332 Li
889 4234 979 4330 Agillb'.
1156 4233 1180 4281 m
1220 4253 1227 4267 ι
1338 4255 1345 4269 ⁹

236 4342 327 4391 sutum
344 4351 389 4391 est.
420 4344 500 4392 Satius
514 4343 588 4408 igitur
596 4343 699 4401 ridetur,
711 4344 736 4393 in
751 4346 797 4395 bac
859 4298 902 4394 il.
932 4346 1150 4407 Proprie—iambe.-
1170 4344 1225 4419 jure
1244 4347 1331 4395 umbus
1347 4364 1386 4398 res

238 4406 455 4456 Grammaticomnst
466 4408 630 4457 observatione
638 4409 796 4472 acquiescere,
828 4413 924 4472 propris
946 4409 1034 4458 dicitur
1058 4408 1112 4475 ejus
1136 4424 1178 4475 qus
1203 4424 1258 4458 sum
1286 4411 1386 4463 invenit.

236 4469 530 4585 tunitius?
553 4472 636 4586 ilii
650 4474 796 4587 effi?
827 4472 1388 4590 ppnnppppdpdpppffipnpup

237 4570 477 4649 undosim’iutem.
509 4551 553 4603 ⁸1³⁰
766 4556 783 4587 u
828 4553 959 4653 seerlis'ffi
1284 4554 1313 4604 pe
1340 4556 1353 4589 Ι

271 4664 378 4713 'te-ss.
399 4665 497 4714 &stum
508 4666 673 4733 Pmceptum:
700 4666 743 4716 lies
759 4669 797 4716 di·
861 4669 902 4717 90.
919 4668 944 4715 Η
962 4682 990 4717 ne
1006 4670 1062 4715 socci
1080 4682 1158 4729 cepere
1171 4666 1257 4729 pedem,
1273 4676 1332 4717 cett.
1342 4668 1387 4719 hoc

239 4742 306 4777 sersae
327 4730 417 4778 diuersa
441 4731 558 4792 postulent
579 4746 685 4780 onmem
705 4748 798 4797 genero.
830 4731 890 4797 pade
900 4684 996 4781 isbtllas
1005 4730 1114 4781 incedere
1123 4730 1389 4797 jussemutpoetutam
1444 4733 1446 4739 ’
