3659 5892
690 516 855 583 LIBER
876 514 956 595 1,2.

332 674 460 750 Quinas
474 673 529 740 hic
544 672 644 759 cupiti
658 671 826 737 mercedes
839 680 985 747 exsecat,
1000 678 1099 753 atquc

270 779 309 842 15
331 778 466 852 Quanto
479 776 640 863 perditior
654 775 793 859 quisque
808 783 870 851 est,
885 782 978 837 tanto
993 772 1101 836 acrius
1115 781 1222 857 urget.

331 880 476 946 Nomina
490 888 635 944 sectatur
649 877 747 943 modo
762 886 868 941 sumta
882 884 973 939 veste
988 873 1072 938 virili

332 983 403 1049 Sub
420 982 570 1067 patribus
585 980 678 1045 duris
693 978 844 1043 tironum.
890 976 1048 1054 Maxime,
1065 976 1230 1060 quianon,

331 1084 475 1169 Jupiter,
491 1082 662 1160 exclamat,
680 1080 774 1147 simul
789 1090 887 1164 atque
902 1079 1049 1144 audivit?
1092 1076 1142 1143 At
1155 1079 1191 1142 in
1205 1100 1241 1144 sc

333 1185 401 1252 Pro
415 1197 544 1271 quaestu
559 1195 701 1250 sumtum
715 1182 794 1247 lacit
808 1182 872 1247 hic.
919 1180 989 1247 Vix
1003 1181 1138 1246 credere
1152 1183 1271 1265 possis,

269 1289 313 1354 20
335 1290 444 1364 Quam
457 1290 520 1355 sibi
534 1311 600 1353 non
615 1290 657 1353 sit
672 1288 812 1364 amicus3
835 1286 882 1349 ita
895 1294 934 1349 ut
947 1293 1042 1369 pater
1055 1282 1121 1361 ille,
1134 1282 1272 1349 Terenti

333 1390 460 1456 Fabula
475 1414 572 1476 quem
586 1391 739 1455 miserum
754 1399 854 1474 gnato
868 1386 989 1452 vixisse
1004 1383 1119 1470 lugeto

334 1492 477 1573 Inducit,
493 1518 559 1560 non
575 1517 610 1560 se
623 1494 720 1578 pejus
736 1490 929 1556 cruciaverit
942 1499 1042 1574 atque
1056 1486 1121 1551 hic.

336 1595 372 1660 si
386 1599 459 1681 quis
475 1618 561 1662 nunc
576 1604 712 1681 quaerat,
730 1594 808 1668 Quo
822 1614 876 1657 res
890 1591 963 1656 haec
979 1590 1142 1675 pertinet?
1164 1587 1262 1655 illuc:

336 1698 426 1763 Dum
441 1700 543 1764 vitant
559 1697 650 1763 stulti
664 1697 754 1773 vitia,
769 1695 804 1759 in
819 1694 982 1759 contraria
995 1701 1142 1757 currunt

271 1801 316 1866 25
336 1799 521 1867 Malthinus
537 1801 654 1865 tunicis
670 1796 819 1865 demissis
834 1795 998 1876 ambulal;
1021 1795 1144 1878 estqui

336 1901 463 1988 Inguen
478 1905 521 1970 ad
536 1906 714 1969 obscenum
730 1899 900 1965 subductis
916 1921 1021 1983 usque
1036 1897 1173 1963 facetus.

337 2003 490 2072 Pastillos
505 2005 651 2072 Rufillus
666 2004 743 2082 olet,
759 2001 949 2087 Gorgonius
963 2001 1101 2067 hircum.

337 2107 397 2171 Nil
410 2109 552 2173 medium
566 2118 627 2173 est.
674 2106 770 2184 Sunt,
786 2104 843 2189 qui
857 2103 961 2169 nolint
976 2104 1123 2188 tetigisse
1137 2104 1201 2169 nisi
1214 2104 1297 2186 illas,

338 2210 488 2284 Quarum
502 2212 639 2275 subsuta
653 2209 736 2275 talos
751 2216 842 2293 legal
857 2208 970 2272 instita
983 2218 1095 2287 veste,

252 2344 338 2395 loenori
352 2342 430 2393 dalis:
455 2344 485 2394 ds
501 2343 632 2403 locutione,
647 2347 770 2409 pamniam
786 2347 811 2393 ln
879 2344 919 2393 lu.
936 2342 967 2391 Is
981 2342 1117 2402 minuitas
1134 2359 1185 2393 susa
1204 2342 1307 2395 fructum
1323 2352 1349 2393 el
1362 2345 1404 2410 ju·

244 2409 337 2476 fusore
348 2425 431 2472 poam
445 2426 496 2475 pro,
512 2408 596 2459 soenori
611 2409 677 2468 dare,
692 2408 741 2459 rid.
756 2424 811 2475 sup.
843 2407 1001 2457 cundilalem.
1024 2408 1163 2472 Proqusrtu
1170 2418 1279 2466 sumtum,
1288 2410 1405 2476 prolargo

252 2474 283 2523 ad
296 2472 373 2540 Epod.
383 2476 410 2529 2,
422 2476 463 2523 70.
844 2480 940 2536 questu
957 2472 1050 2538 lsrgurn
1065 2480 1184 2522 sumtum:
1205 2488 1258 2530 nos,
1275 2484 1343 2523 stass
1360 2475 1410 2541 aas

286 2542 326 2588 1⁴.
349 2539 439 2593 Quium
459 2541 506 2596 lie,
527 2546 585 2613 cell.
607 2536 647 2586 hic
667 2552 813 2611 unoquoque
844 2538 1004 2587 statuendus.
1031 2605 1037 2616 .
1326 2602 1332 2614 ⁶

251 2618 389 2717 tltflt
403 2602 810 2732 tffltitsltlllttlz:
843 2601 1405 2733 ,flltiltulultltlttstnllt

252 2748 345 2787 manos,
354 2748 423 2797 seque
434 2740 506 2797 atqua
517 2732 582 2797 apud
590 2734 699 2787 Grecos,
711 2739 786 2781 sortes
797 2747 812 2781 a
876 2731 918 2779 25.
934 2732 1065 2780 Multliuus
1075 2751 1082 2778 :
1091 2731 1143 2797 jam
1152 2732 1263 2797 exempla
1273 2732 1404 2791 hominum,

251 2796 361 2847 calendis
383 2798 501 2863 cujusque
521 2798 609 2847 mensis
629 2812 706 2871 usque
727 2797 757 2845 sd
775 2812 812 2847 ss·
844 2793 1004 2907 Pimsdium
1013 2805 1093 2846 tencre
1101 2812 1150 2847 non
1159 2796 1301 2854 didicerunt,
1337 2798 1405 2849 olen.

251 2861 347 2926 quentis
359 2862 447 2911 mensis
460 2862 574 2911 cubadus
588 2860 737 2911 loenondsri
750 2862 812 2910 sols·
873 2861 986 2918 cltlrs'nus,
997 2862 1081 2911 tunica
1097 2860 1199 2909 adtalos
1215 2814 1406 2927 usqueddmissa

252 2926 328 2987 bent5
351 2942 393 2991 pro
412 2934 508 2975 cantum
526 2925 631 2975 nummis
648 2925 690 2974 vul
739 2940 813 2974 usura
845 2922 950 2986 incodil3
968 2925 1030 2975 alius
1046 2927 1130 2975 tunica
1145 2925 1176 2974 ad
1188 2925 1351 2992 lemurusqus
1362 2928 1404 2977 ad·

252 2990 302 3041 sivo
321 3006 413 3041 merces
429 3005 574 3056 unoquoquo
590 3005 671 3039 mense
700 2989 735 3039 ull
751 3006 813 3039 unus
844 2988 1243 3040 strictassuthominemlacetum
1254 2993 1405 3058 conspicien-

253 3070 386 3115 nummus;
418 3072 468 3105 uno
498 3054 573 3119 igitur
595 3070 659 3103 anno
687 3053 812 3103 duodecim
844 3053 903 3102 dum
931 3056 1013 3105 tabet.
1045 3055 1406 3131 Fuerunt,inqnibusquoque

252 3120 345 3168 nummi
352 3136 360 3180 ;
376 3118 550 3176 sdeulidius,
562 3119 689 3169 ioensrator
700 3118 812 3168 sordidis·
845 3126 883 3167 est
926 3118 1064 3175 eindorfius,
1102 3120 1128 3168 ui
1146 3120 1282 3179 Horonon,
1301 3123 1406 3172 notando

253 3184 329 3233 simus
360 3194 385 3233 et
411 3183 639 3251 impudentissimus,
667 3198 814 3248 unoquoque
845 3182 932 3231 vitium
949 3184 1074 3241 Malthini,
1123 3192 1260 3244 menatem,
1297 3186 1324 3235 ui
1344 3203 1405 3236 uou-

252 3264 336 3299 menss
346 3249 433 3314 quinas
443 3264 537 3306 usuras,
549 3264 597 3298 uno
612 3263 675 3298 anno
688 3247 762 3312 igitur
773 3264 815 3313 pro
847 3261 970 3312 nunquam
981 3251 1105 3298 discinctus
1114 3248 1246 3306 incesserit,
1254 3202 1352 3316 oblique
1362 3268 1405 3301 no·

253 3322 348 3363 csnmm
361 3313 466 3363 nummis
476 3314 600 3378 sexaginta
609 3328 720 3361 nummos
729 3328 815 3362 susca-
847 3318 910 3361 lassc
922 3322 1081 3363 autumarent.
1104 3314 1212 3378 Sedquis
1220 3315 1309 3364 adduci
1320 3326 1406 3382 potest,

253 3380 302 3427 bol.
342 3378 454 3428 Ewsurs
469 3378 572 3444 positum
587 3377 647 3426 mihi
664 3376 759 3427 videtur
774 3392 815 3443 pro
848 3383 875 3424 ut
890 3377 979 3437 credat,
997 3378 1122 3427 Horatium
1141 3378 1203 3428 inter
1218 3378 1327 3429 homines
1344 3397 1407 3446 quos

253 3450 403 3557 llum
417 3442 815 3556 llffldl‘lsstttl‘tl’l’
847 3440 962 3555 lull
985 3441 1108 3556 ssqffiu
1132 3442 1207 3555 llml
1233 3444 1306 3557 ll?
1332 3444 1407 3557 (Ψ

254 3522 574 3635 riwinsffiiie'rpiiis'm.
600 3526 658 3620 lilii
672 3524 815 3635 cogiti’msr·
847 3522 965 3620 minemo'
992 3519 1407 3637 gidmutilc'lsdbeiigtiateiolldisseol

254 3640 317 3686 redu
336 3648 423 3686 mssst
443 3636 573 3703 explicant,
595 3635 661 3691 sorti,
680 3636 739 3684 dum
762 3651 816 3685 esm
848 3635 974 3684 Amlulut:
1001 3638 1127 3694 ambulare,
1154 3644 1184 3685 ul
1207 3640 1318 3695 insedere,
1345 3642 1408 3689 siam

255 3699 357 3750 debitori
366 3701 447 3760 tradit,
459 3716 545 3750 usuras
558 3700 637 3749 statim
648 3698 760 3759 leuauit,
772 3700 815 3751 de·
848 3702 935 3758 metiri,
945 3697 976 3750 de
984 3699 1015 3749 iis
1025 3700 1068 3765 qui
1076 3702 1172 3751 incessu
1181 3700 1322 3764 dignilalm
1333 3704 1406 3754 affec·

254 3763 324 3814 ducit
329 3783 337 3825 ;
353 3765 405 3823 ssd,
415 3768 436 3815 si
453 3765 497 3815 hoc
509 3764 624 3814 voluisset
639 3765 762 3823 Horatius,
774 3780 816 3832 pro
848 3770 915 3813 tant:
934 3764 967 3814 cl.
978 3780 1033 3832 sup.
1044 3764 1076 3814 ad
1087 3765 1165 3841 Epod.
1176 3766 1201 3824 4,
1212 3768 1237 3815 ὀ.

253 3840 348 3887 mucul,
377 3840 428 3888 uto,
438 3830 571 3896 scripsisset
579 3833 675 3879 desecat.
879 3830 922 3879 26.
946 3830 1052 3888 Faustus,
1067 3829 1193 3887 ridiculus,
1209 3846 1262 3889 nos,
1277 3835 1408 3893 possis-lici.

292 3896 330 3943 15.
368 3898 634 3957 uuntopsrdillormelt.
646 3902 736 3960 quanto
747 3894 815 3959 quis·
849 3892 896 3942 Vel
906 3893 1002 3959 facetus
1016 3894 1120 3960 explica,
1138 3894 1197 3943 dum
1214 3894 1318 3945 hominis
1336 3896 1408 3949 faceti

255 3972 304 4021 que
330 3967 367 4008 ssl
387 3959 488 4026 nequior
508 3968 533 4008 el
553 3958 584 4007 ad
606 3974 663 4025 opas
685 3958 816 4024 perdendas
847 3966 872 4007 et
882 3959 1087 4025 venustispeciem
1097 3960 1253 4026 presciens
1264 3960 1325 4010 vult.

255 4022 391 4086 proclivior,
397 4031 463 4074 tanto
473 4023 551 4073 acrius
559 4024 620 4073 lucri
627 4022 732 4073 faciendi
740 4024 817 4088 malie
880 4022 923 4071 27.
940 4024 1057 4080 Pastillos,
1072 4032 1248 4089 unguentorum
1264 4025 1356 4083 odores,
1371 4029 1408 4094 pi-

254 4084 372 4137 siinslal.
846 4088 909 4137 lulas
931 4088 1071 4154 (interprete
1093 4089 1206 4155 Eresmo)
1230 4093 1409 4155 aumentarias,

268 4214 273 4225 Ι
291 4154 331 4201 16.
352 4153 453 4201 Nomius
468 4154 570 4201 tironum
585 4162 695 4209 uelatur,
712 4158 816 4201 sectatur
847 4168 901 4209 nos,
918 4152 1137 4218 Sslbenkllgclclssn,
1153 4154 1202 4210 vel,
1219 4161 1247 4203 ul
1262 4156 1315 4205 vult
1331 4158 1408 4207 Hein-

255 4224 352 4275 utores,
365 4224 393 4267 ut
401 4232 483 4266 eorum
495 4217 627 4266 nominain
638 4216 733 4266 tabulas
748 4215 816 4266 debi·
848 4216 1126 4276 nonusnullum
1133 4220 1410 4277 macilentissimum

257 4288 335 4330 torum
347 4282 441 4338 referat,
449 4279 499 4331 sire
510 4290 537 4330 nl
552 4296 593 4331 sos
607 4282 652 4331 sibi
663 4282 737 4330 faciat
748 4280 815 4331 debi-
848 4284 916 4330 sinen
929 4284 1083 4347 augensium
1094 4285 1188 4333 Gerasi
1201 4300 1231 4332 su
1238 4287 1324 4349 gelam
1342 4288 1409 4336 Mar-

257 4355 335 4407 torss;
352 4345 409 4395 lrinc
426 4344 522 4395 nomina
536 4346 817 4413 simpliciterdedebilo·
849 4345 902 4395 tisl.
912 4346 931 4402 i,
942 4348 983 4395 88.
1010 4348 1120 4407 Hirrum,
1131 4348 1222 4399 l'oedum
1233 4347 1338 4407 odorem,
1348 4367 1408 4415 qua·

256 4407 337 4459 ribus:
350 4410 401 4460 rid.
413 4408 507 4459 Ernesti
518 4410 710 4461 Clar.Cic.s.v.
723 4410 819 4461 Nomen.
850 4410 881 4459 lis
898 4411 944 4459 sub
961 4410 1007 4459 alis
1022 4412 1151 4464 amittimr:
1169 4412 1202 4463 cl.
1215 4428 1269 4478 sup.
1283 4414 1315 4463 sd
1329 4415 1409 4481 Epod.

261 4474 325 4523 Verte
334 4478 476 4549 oirili,loga
490 4490 559 4541 pura.
593 4476 668 4525 Duris
683 4478 725 4524 sul
740 4479 816 4538 putri·
851 4476 890 4532 12,
902 4478 928 4525 5.

259 4540 300 4587 lm
317 4542 435 4597 tironum,⁸
449 4554 550 4605 juvenes
567 4538 641 4597 snim,
657 4539 700 4605 qui
710 4538 777 4589 duris
794 4548 820 4589 et
882 4542 925 4591 all.
941 4539 1068 4597 Nisiillss,
1081 4540 1189 4595 Quarum
1199 4544 1294 4590 subsuta
1307 4545 1365 4592 tulos
1376 4554 1410 4593 le-

259 4604 817 4736 alumnusalumnus.
846 4604 1412 4724 ttsldmislllffitffis:

467 4704 474 4724 ν
1189 4705 1196 4729 2

259 4732 506 4785 osisloansratoribus.
851 4733 965 4800 gsrsbm
977 4733 1096 4793 tunicam,
1108 4732 1210 4784 adtalos
1225 4750 1303 4801 usque
1317 4754 1411 4805 pom.
