3659 5892
646 500 811 569 LIBER
836 502 865 580 1,
892 504 941 568 19.

300 657 508 724 Virtutemne
522 666 735 743 repraesentet
749 676 920 739 moresque
936 654 1093 721 Catonis?

242 760 283 825 15
304 759 411 845 Rupit
426 758 581 824 Iarbitam
595 757 785 843 Timagenis
800 756 916 821 aemsrla
930 756 1051 841 lingua,

302 861 393 926 Dum
407 862 520 926 studet
533 862 691 937 urbanus,
708 858 877 943 tenditque
894 859 1037 923 disertus
1051 856 1176 923 haberi.

303 963 438 1048 Decipit
453 962 620 1047 exemplar
634 962 720 1026 vitiis
734 960 906 1025 imitabile:
931 962 1019 1045 quod
1036 963 1064 1025 si

303 1064 465 1130 Pallerem
480 1087 569 1143 casu,
581 1065 733 1129 biberent
748 1084 914 1149 exsangue
930 1066 1103 1129 cuminum.

303 1167 337 1231 Ο
353 1168 542 1246 imitatores,
557 1189 686 1232 servum
700 1187 813 1252 pecua
829 1175 866 1229 ut
881 1165 959 1229 mihi
975 1188 1064 1259 saepe

239 1269 284 1333 20
305 1268 422 1346 Bilem‚
439 1292 527 1355 saepe
537 1270 650 1357 jocum
664 1268 764 1333 vestri
777 1290 906 1331 movere
922 1267 1096 1333 tumultus!

304 1370 427 1435 Libera
441 1394 501 1458 per
516 1394 653 1437 vacuum
667 1371 764 1456 posui
778 1370 915 1455 vestigia
930 1370 1099 1454 princeps:

304 1472 383 1538 Non
398 1474 503 1540 aliena
517 1498 589 1540 meo
604 1474 709 1562 pressi
724 1471 819 1558 pede.
866 1472 935 1546 Qui
951 1471 1013 1536 sibi
1028 1472 1113 1551 fidit,

305 1573 386 1639 Dux
401 1578 486 1661 regit
500 1599 646 1643 examen.
693 1574 808 1641 Parios
823 1596 887 1657 ego
900 1574 1024 1657 primus
1039 1574 1164 1641 iambos
1215 1652 1216 1655 Ἴ

305 1676 449 1742 Ostendi
464 1676 574 1759 Latio,
590 1700 741 1744 numeros
756 1676 945 1761 animosque
961 1687 1091 1741 secutus

219 1862 301 1911 Greea
327 1863 450 1913 Nocturna
476 1876 564 1915 uersata
588 1882 669 1921 nanu,
691 1874 779 1913 omsate
809 1862 952 1927 Timagenes,
980 1860 1169 1919 Alexandrinus,
1202 1861 1369 1913 celeberrimus

218 1928 316 1975 diurno.
808 1927 923 1985 rbetom
942 1926 1049 1975 Gabinio
1066 1928 1171 1975 &mem
1191 1927 1319 1985 abductus,
1335 1928 1369 1978 ibi

255 1992 357 2040 12-14.
375 1992 456 2045 Quid?
477 1996 498 2041 si
518 1996 578 2057 quis,
596 2000 654 2042 cett.
687 1994 779 2051 Quem·
809 1992 928 2056 usquead
941 1991 1046 2055 Augusti
1057 2000 1162 2057 tempora
1174 1991 1315 2041 rhetoricam
1326 1992 1370 2041 do·

218 2054 346 2104 mnodum
366 2072 436 2105 nemo
498 2065 529 2105 ta
547 2057 644 2106 laudem
660 2056 712 2107 solo
729 2055 779 2104 riui
810 2057 890 2105 cuisse
909 2054 1006 2105 dieitur.
1039 2056 1130 2119 Rupit.-
1151 2064 1233 2105 notum
1252 2064 1289 2105 est
1310 2056 1369 2106 illud

218 2129 284 2184 potu,
302 2120 337 2168 ita
353 2136 424 2169 nemo
463 2121 541 2171 atonis
556 2120 666 2171 virtsuem
682 2119 779 2186 asseqm
811 2120 1162 2184 virg-itiimampausarman
1174 2121 1257 2171 Codro.
1293 2122 1369 2171 Urba·

219 2191 296 2247 potest
309 2184 360 2234 solo
376 2185 406 2234 ad
420 2195 543 2235 aruinum
557 2186 611 2251 ejus
626 2186 735 2235 habitum
752 2200 778 2234 se
809 2201 864 2232 nra.-
883 2184 977 2234 Cordus
988 2195 1038 2233 erat
1049 2186 1160 2242 Maurus,
1173 2184 1309 2235 Romanam
1320 2187 1369 2235 ele·

218 2249 376 2314 componendi
393 2250 482 2299 studio.
514 2250 563 2300 Sed
578 2250 652 2315 vulgo
668 2250 778 2299 homines
810 2250 917 2313 gantiam
940 2248 1053 2298 orationis
1075 2257 1124 2297 tarn
1143 2258 1268 2299 asumma
1294 2266 1368 2315 quem

220 2310 278 2361 sitia
294 2316 384 2377 padus,
398 2330 453 2389 que
470 2314 544 2364 alicui
560 2313 693 2371 adherent,
703 2330 777 2379 quam
810 2312 1005 2379 pronunciatione
1015 2313 1160 2362 imitaturus.

217 2373 282 2469 ipso-s
292 2376 538 2492 'iimtebffiiingr'
573 2378 646 2491 ngtu
661 2380 777 2445 toroose-
826 2380 883 2489 lli,
897 2379 935 2453 ¹⁸:
952 2378 1075 2490 {sgmplop
1083 2380 1146 2490 mlii:
1156 2380 1276 2453 imitabile,
1287 2392 1369 2489 alaresp-

218 2451 486 2572 &molimdis
497 2453 778 2569 dbudliitonb‘iitibbbbi‘lt
809 2458 967 2571 {aiilirbilui
1000 2456 1069 2561 arii,
1082 2459 1152 2555 licui
1162 2458 1369 2581 dicipiiibiitdtd:

218 2578 246 2616 ut
260 2573 358 2619 uberior
368 2583 498 2635 appareret,
509 2576 600 2620 intonsa
617 2575 687 2620 barba
702 2574 776 2633 capil-
809 2586 855 2627 res,
870 2570 947 2635 magis
964 2522 1120 2620 :donliiorum
1154 2586 1210 2619 uam
1230 2570 1259 2619 ad
1277 2578 1371 2621 vinetis

218 2634 289 2697 iisque
297 2638 405 2697 prodibat
420 2639 444 2685 in
453 2640 580 2699 publicum,
591 2640 694 2701 duroque
703 2637 776 2685 colre-
808 2634 967 2685 imitationem
978 2650 1117 2702 propensos.
1168 2634 1369 2691 iberent,sc.imi-

218 2703 641 2765 amentoetsapenulto,togapueesi
658 2720 701 2749 ua.-
716 2700 777 2749 Plu·
809 2707 905 2748 mores.
940 2699 1064 2747 Cuminum
1085 2716 1207 2765 eosangue,
1227 2700 1292 2763 quod
1314 2714 1369 2749 eau-

218 2762 295 2811 tarch.
322 2764 349 2812 iu
372 2765 424 2815 vit.
447 2766 503 2815 Cat.
528 2766 595 2840 iltic.
639 2720 779 2830 ilriguequs
809 2764 999 2840 wherepresso
1010 2764 1128 2842 pallorem
1138 2763 1245 2841 inducit:
1265 2764 1369 2839 Peray,

219 2835 277 2940 igi.
291 2836 778 2959 hatthtsttttttttt:
809 2830 971 2941 batth·
980 2827 1370 2945 artestationibus

219 2955 309 3020 inrogo
319 2960 419 3032 exigam
435 2966 512 3007 textor
521 2957 681 3024 pauni,equo
690 2958 779 3033 exigua
810 2956 946 3007 Dioscorid.
958 2956 992 3014 iii,
1004 2956 1045 3005 68.

219 3018 337 3069 Catonem
348 3023 465 3072 simulans
479 3032 535 3086 toga
548 3024 658 3073 coniecta
672 3031 717 3079 est,
725 3038 778 3087 Jsm
844 3022 884 3070 19.
905 3020 936 3070 Ut
948 3039 1012 3083 sape,
1023 3036 1097 3085 quam
1108 3036 1180 3087 sepe.

218 3084 291 3143 inrisas
308 3095 365 3150 tage
379 3089 466 3151 exigue
482 3095 671 3137 testorvocatur.
703 3086 777 3136 Com·
842 3086 884 3134 20.
902 3086 1039 3133 Tumultus:
1052 3082 1274 3149 univoceegregie
1291 3086 1369 3150 expri-

218 3156 304 3210 parant
320 3166 375 3199 cum
392 3152 437 3200 hoc
453 3150 567 3217 loquendi
577 3167 663 3215 genere
678 3168 731 3217 sup.
744 3152 776 3201 E·
809 3148 882 3199 mitur
899 3151 1004 3207 vanitas,
1021 3164 1069 3214 qua
1085 3149 1153 3197 stulti
1173 3148 1300 3198 imitatores
1321 3166 1370 3199 noa

220 3210 305 3275 pisti,
319 3215 397 3272 1,94,
415 3217 442 3264 Si
459 3227 555 3265 astratus
571 3218 674 3280 inequali
691 3226 779 3264 tonsore
810 3214 863 3263 siue
873 3229 961 3278 mque
972 3216 1070 3288 strepitu
1083 3214 1163 3263 studia
1174 3214 1369 3279 suajactaut,et,

219 3278 336 3337 capium,-
353 3280 396 3329 sed
407 3294 445 3330 res
454 3280 488 3328 ibi
499 3280 572 3347 paulo
581 3280 651 3341 aliter
660 3296 686 3329 se
697 3280 778 3338 babet,
811 3278 876 3343 quod
892 3280 917 3327 in
925 3280 1049 3353 proverbio
1059 3277 1155 3335 dicitur,
1166 3278 1253 3328 fluctus
1269 3278 1295 3327 iu
1313 3278 1369 3329 sim-

220 3354 275 3388 nam
287 3342 436 3393 additurvox
446 3357 542 3394 curatas
553 3345 591 3394 vel
602 3354 723 3401 curtatm5
739 3360 780 3394 ce·
811 3342 869 3409 pulo
878 3352 994 3392 excitant.

218 3413 296 3453 terum
306 3411 420 3473 exiguam,
430 3409 468 3459 rel
478 3420 568 3458 arctans
579 3408 618 3471 (iu
630 3407 709 3474 Epist.
717 3425 779 3473 pre·
843 3408 885 3455 21.
902 3406 987 3456 Libera
1002 3409 1098 3471 uestigio
1113 3416 1265 3473 opponuntur
1276 3406 1305 3456 iis
1316 3425 1369 3473 que

219 3468 272 3517 ced.
289 3488 313 3519 v.
330 3474 376 3536 30)
394 3484 470 3539 togam
487 3476 613 3537 gestabant
629 3474 646 3522 ii
662 3473 703 3539 qui
722 3490 779 3523 cum
811 3471 928 3520 serviliter
939 3472 1022 3535 legunt
1033 3471 1171 3520 imitatores.
1207 3473 1252 3520 Per
1264 3490 1369 3531 occisum,

219 3530 723 3669 amnemamnem
735 3554 780 3651 'tt
810 3535 1369 3664 tt.⁰.²tt›⁰t.tt¹..¹it5iltt.,tit.'itta

220 3677 299 3785 Pnlbl,³
309 3675 605 3796 popupffigpfflffl
623 3728 737 3779 facundia
754 3738 780 3779 et
811 3666 1212 3793 lllbisiirisliubibniutldiniiiflbbi
1224 3666 1370 3791 ibidehiiii

220 3806 260 3840 ars
270 3811 277 3853 3
293 3796 384 3852 amulo,
394 3796 569 3845 emulationem
580 3794 698 3844 excitans.
725 3794 778 3843 llu-
812 3794 1032 3855 Dicar-Princeps
1042 3795 1143 3841 AEolium
1154 3810 1245 3841 carmen
1257 3796 1287 3843 ad
1300 3794 1371 3843 Italos

218 3858 255 3917 pit
267 3858 390 3915 Iarbitam,
401 3860 467 3917 lecit,
478 3872 506 3909 ut
517 3859 614 3908 Iarbitn
630 3859 673 3907 ilia
684 3874 779 3924 rumpe-
812 3857 938 3905 Dedusisse
952 3860 1042 3905 modos:
1058 3857 1091 3907 ci.
1104 3858 1212 3923 Pmpert.
1224 3855 1259 3914 iii,
1273 3861 1295 3916 l,
1308 3861 1333 3917 3,
1345 3862 1370 3909 4.

220 3931 309 3978 reutm,
322 3924 386 3972 Dum
400 3924 442 3973 ills
456 3926 559 3973 urbanus
569 3923 695 3989 (elegans)
705 3934 727 3971 et
740 3926 778 3972 di·
812 3922 866 3970 Non
885 3924 972 3977 alieno,
993 3938 1041 3970 non
1060 3921 1160 3987 vestigia
1178 3922 1287 3981 aliorum,
1309 3924 1371 3973 servi

219 3997 294 4034 tertias
304 3987 384 4037 baberi
394 3992 479 4045 studet,
487 3992 605 4053 tenditque
613 3988 779 4052 (omuoevires
810 3985 901 4051 pecoris
913 3984 1013 4043 scilicet,
1026 3986 1178 4035 imitatorum.

220 4049 346 4105 intendit).
380 4053 506 4103 Iarbitam:
524 4055 582 4103 Vct.
594 4052 779 4110 Schol.,Faoete
842 4052 884 4099 2³.
903 4052 966 4107 Dux,
979 4051 1189 4117 utreginaapum.
1219 4051 1371 4101 Pariosians-

219 4117 297 4174 posuit
308 4116 420 4165 barbitum
429 4136 480 4180 pro,
494 4118 614 4175 Maurum,
626 4135 680 4165 nom
691 4127 712 4165 et
725 4116 777 4164 lar·
810 4118 855 4173 bos,
868 4116 899 4163 ab
911 4130 992 4164 eorum
1004 4114 1125 4165 inventore
1138 4114 1292 4172 Archilocho,
1301 4118 1371 4182 cujus

220 4180 260 4226 bos
270 4182 421 4231 muluserat
432 4184 518 4231 AEnea.
546 4182 593 4230 Hir
606 4182 695 4230 lar-bita
706 4181 778 4229 Mars·
811 4179 888 4253 patrie
897 4180 943 4228 luit
956 4180 1035 4235 Paros,
1043 4196 1092 4229 una
1102 4196 1116 4230 e
1125 4180 1273 4247 Cycladibus
1285 4180 1371 4231 insuhs

221 4258 261 4290 rus
264 4243 320 4308 fuit
333 4246 431 4303 Cordus,
442 4250 491 4310 qui,
503 4249 557 4295 dum
568 4246 713 4313 Timagenem
724 4249 777 4293 imi·
810 4260 837 4293 ur
847 4245 906 4293 mari
921 4246 1015 4309 AEgaeo.

222 4310 325 4366 tabatur,
336 4321 385 4372 post
399 4313 527 4361 sorrairinm
538 4322 559 4360 et
571 4315 634 4360 inter
642 4312 725 4374 pocula
738 4314 776 4358 de·
843 4310 884 4357 24.
903 4310 998 4357 Ostendi
1010 4310 1087 4357 Latio.
1110 4308 1234 4365 Horatius,
1250 4326 1306 4359 cum
1324 4310 1371 4375 pri-

221 4372 366 4431 clamantem,
383 4387 478 4439 propter
498 4378 641 4425 insolentiam
658 4376 778 4440 Jociendi,
811 4373 1174 4449 musRomanommpoetamm
1192 4390 1252 4423 usus
1268 4383 1331 4423 esset
1347 4375 1372 4422 iu

222 4440 281 4499 qnod
299 4442 434 4497 conabatur,
451 4458 512 4502 pane
528 4444 649 4503 disruptus
664 4451 706 4488 est.
740 4440 779 4489 Da
811 4438 1117 4505 libm‘Epodbniambrsab
1125 4438 1271 4487 Archilocho
1288 4438 1371 4486 iuven-

223 4500 313 4551 lorbita
334 4502 464 4569 Tinmgenis
484 4508 613 4553 emulatore
635 4503 779 4569 peculiarem
811 4503 852 4558 tis,
863 4502 995 4551 iamborum
1007 4520 1078 4551 usum
1094 4502 1162 4553 Latio
1171 4506 1278 4559 ostendit,
1291 4502 1371 4568 palam

222 4563 329 4615 libellum
356 4568 403 4617 scri
432 4568 451 4616 it
476 4570 517 4619 cl.
540 4568 671 4625 Weichert,
700 4568 780 4618 Grim.
811 4566 1090 4627 iecit,h.e.iambomm
1108 4583 1178 4616 usum
1191 4568 1312 4617 Romanos
1328 4566 1371 4616 do·

224 4630 295 4689 1821,
311 4632 380 4697 cujus
398 4586 469 4682 bisetio
484 4634 593 4699 jucunda
610 4632 654 4682 erit
672 4632 702 4681 iis
718 4649 779 4698 quos
811 4631 871 4681 cuit.
904 4634 1048 4697 Animosque,
1070 4631 1143 4680 animi
1167 4632 1319 4681 acerbitatem
1346 4633 1372 4681 in

221 4692 780 4765 diligentiusinejusmodiresinquirerejuvat.
811 4696 997 4762 perstringendis
1019 4697 1101 4747 vitiis:
1127 4694 1172 4745 ini.
1194 4696 1219 4744 in
1244 4697 1320 4763 Epist.
1341 4696 1372 4745 ud
