3659 5892
667 515 846 594 'LIBER
869 528 897 607 l,
925 532 953 594 l.

328 681 382 746 Sic
399 678 531 745 solitus:
556 678 704 766 Populus
719 703 769 746 me
785 681 905 758 sibilat,
922 682 1050 747 etmihi
1065 682 1188 768 plaudo

327 784 404 869 lpse
421 783 518 860 domi,
535 782 668 849 simulac
682 806 830 849 nummos
846 784 1047 871 contemplor
1061 786 1096 850 in
1110 808 1197 852 arca.

326 885 488 951 Tantalus
501 908 521 949 a
534 885 635 950 labris
652 887 765 951 sitiens
780 885 941 973 fugientia
955 899 1067 973 captat

327 988 494 1054 Flumina:
518 988 599 1071 quid
614 989 728 1054 rideat
750 999 875 1054 mutato
890 990 1020 1055 nomine
1034 990 1078 1055 de
1092 1000 1125 1055 te

263 1091 306 1156 70
326 1090 453 1156 Fabula
467 1100 638 1155 narratur:
662 1092 827 1177 congestis
842 1092 988 1177 turdique
1004 1092 1107 1158 soccis

327 1192 489 1259 indormis
505 1192 644 1271 inhians,
660 1203 694 1259 et
709 1204 862 1278 tanquam
875 1216 1011 1279 parcere
1027 1194 1128 1260 sacris

328 1295 477 1381 Cogeris,
493 1306 550 1359 aut
564 1296 661 1380 pictis
675 1306 828 1381 tanquam
843 1297 989 1382 gaudere
1004 1296 1142 1363 tabellis.

328 1399 460 1477 Nescis,
476 1422 542 1484 quo
558 1398 663 1464 valeat
678 1402 850 1465 nummus?
873 1421 972 1483 quem
986 1401 1134 1485 praebeat
1148 1404 1266 1468 ueuml

329 1501 429 1567 Panis
443 1512 580 1580 ematur,
598 1500 681 1580 olus,
693 1502 759 1567 vini
775 1503 956 1568 sextarius:
979 1503 1077 1581 adde,
1174 1490 1177 1498 ’

264 1605 308 1670 75
330 1605 434 1679 Queis
449 1604 591 1669 humana
606 1605 668 1669 sibi
684 1605 793 1671 doleat
808 1613 926 1671 natura
939 1606 1078 1690 negatis.

329 1705 386 1771 An
401 1705 534 1790 vigilare
549 1717 639 1772 metu
653 1708 845 1785 exanimem,
861 1718 1042 1791 noctesque
1057 1708 1194 1794 dieaque

330 1808 519 1873 Formidare
534 1808 635 1873 malos
650 1807 751 1887 fures,
767 1809 929 1887 incendia,
946 1830 1069 1887 servos,

330 1910 386 1975 Ne
400 1920 434 1975 te
449 1909 624 1994 compilent
639 1910 814 1996 fugientes,
829 1911 894 1976 hoo
904 1914 1021 1996 juvatl
1043 1910 1161 1977 horum

331 2013 469 2097 Semper
482 2034 544 2097 ego
560 2014 698 2097 optarim
714 2014 940 2099 pauperrimus
954 2036 1028 2079 oeae
1041 2015 1213 2080 bonorum0

267 2116 310 2181 80
331 2112 379 2180 At
395 2116 423 2179 ai
437 2114 604 2180 condoluit
619 2125 778 2180 tentatum
793 2115 915 2201 frigore
930 2138 1062 2200 corpus,

332 2216 403 2282 Aut
418 2217 499 2281 aliua
515 2238 610 2283 casus
625 2217 711 2283 lecto
725 2228 757 2283 te
773 2217 887 2295 affixit,
902 2217 1018 2296 habes,
1034 2219 1091 2303 qui
1160 2296 1166 2303 ι

333 2318 502 2397 Assideat,
519 2318 662 2384 fomenta
677 2330 782 2404 paret,
797 2321 961 2385 medicum
975 2330 1081 2405 roget,
1096 2330 1135 2385 ut
1149 2330 1183 2385 te

334 2422 480 2489 Suscitet
494 2445 532 2488 ac
547 2423 666 2487 reddat
681 2423 765 2487 natis
778 2424 927 2507 carisque
941 2424 1156 2515 propinquisl

333 2524 412 2590 Non
426 2548 511 2591 uxor
526 2525 649 2589 salvum
664 2537 697 2590 te
712 2524 792 2603 vult,
809 2547 873 2590 non
888 2525 987 2602 lilius,
1003 2546 1114 2590 omnes

245 2659 311 2709 lonte
332 2676 381 2709 noa
401 2660 516 2719 contenti,
537 2676 567 2710 ex
588 2674 677 2724 magno
699 2658 805 2717 flamine,
839 2658 902 2725 apud
919 2657 1145 2714 infamulantur,
1156 2658 1198 2722 qai
1214 2659 1297 2711 sitient
1311 2678 1400 2731 aquam

263 2725 326 2773 palia
340 2734 377 2775 eat
393 2725 502 2783 Aufidus,
515 2726 611 2775 haurire
626 2724 720 2781 malint,
733 2724 807 2788 hujus
840 2740 854 2772 a
865 2724 939 2773 labris
949 2723 1104 2789 refugientem
1115 2732 1205 2797 captat.

246 2742 357 2839 luctibus
369 2790 460 2855 abrepti
476 2790 503 2838 ia
516 2806 578 2855 aqua
591 2798 697 2855 pereant,
710 2789 734 2836 h.
746 2804 768 2838 e.
781 2798 809 2839 ut
872 2790 914 2838 69.
933 2790 997 2843 Quid
1007 2791 1085 2836 rideri
1108 2788 1174 2847 Quid
1183 2788 1341 2842 Tantalusad
1351 2806 1399 2853 me,

246 2852 272 2909 ii,
291 2854 343 2919 qui,
358 2855 438 2919 parvis
453 2870 501 2903 non
520 2854 636 2911 contenti,
652 2853 767 2919 ampliora
784 2862 809 2902 et
839 2853 919 2902 ridear
929 2854 983 2903 aial
1015 2853 1109 2901 Mutato
1124 2856 1222 2911 nomine,
1233 2864 1306 2905 cett:
1323 2858 1400 2908 enim.

247 2917 349 2981 largiora
359 2934 436 2983 usque
447 2926 571 2985 appetunt,
581 2918 656 2983 hujus
667 2918 808 2967 insatiabilis
839 2933 894 2967 vero
909 2932 940 2967 ea
950 2933 1004 2982 que
1015 2917 1046 2966 de
1056 2916 1159 2966 Tantalo
1175 2918 1305 2992 flagitatur,
1321 2922 1342 2971 ei
1357 2938 1400 2971 no·

247 2982 387 3047 cupiditatis
404 2999 489 3048 poenas
505 2984 583 3033 luant.
607 2984 686 3041 Ferat,
706 2983 807 3038 auferat,
840 2998 896 3031 men
906 2990 976 3031 tuum
987 2998 1042 3031 cum
1052 2982 1149 3031 Tantali
1158 2997 1253 3033 nomine
1264 2988 1401 3045 mutaverit,

247 3046 361 3121 abripiat:
380 3050 479 3112 Aufidus
495 3064 555 3104 acer,
567 3046 664 3113 rapidus
678 3047 705 3095 in
717 3047 810 3113 Apulia
840 3047 934 3111 egregie
956 3047 981 3095 in
1003 3056 1027 3096 te
1050 3047 1183 3111 quadrant3
1199 3050 1401 3112 quomadmodum

246 3111 343 3168 flarius,
353 3128 418 3161 nunc
431 3114 518 3180 Osanto
524 3130 533 3171 ‚-
550 3128 604 3178 ευρ.
612 3113 660 3161 od.
671 3111 707 3167 iii,
716 3112 757 3167 30,
769 3113 807 3167 10,
839 3112 903 3160 enim
915 3111 956 3160 ille
966 3110 1063 3161 videbat
1072 3110 1169 3176 quidem
1185 3122 1241 3161 ante
1251 3128 1293 3163 ora
1304 3130 1402 3180 aquarn,

246 3175 334 3224 dicitur
349 3180 443 3236 violens,
461 3186 486 3227 et
504 3176 552 3226 Otl.
569 3177 602 3232 iv,
616 3177 655 3234 14,
668 3178 711 3233 25,
729 3178 807 3225 trari-
840 3192 884 3229 nec
896 3184 977 3225 tamen
991 3192 1044 3225 eam
1055 3175 1188 3233 hauriebat,
1198 3177 1233 3226 ita
1243 3186 1270 3226 tu
1282 3196 1400 3238 nummos,

239 3240 336 3305 j'ormir.
841 3248 955 3305 tanquam
967 3240 1044 3307 pietas
1055 3240 1158 3298 obolas,
1170 3244 1346 3310 contemplaris,
1356 3262 1401 3295 nec

280 3306 322 3354 62.
346 3305 410 3358 Quia
431 3308 503 3362 tanti,
520 3314 633 3368 quantum
650 3307 740 3362 labeas,
761 3306 808 3353 tit:
841 3320 911 3353 usum
931 3320 961 3354 ex
980 3304 1010 3354 iit
1028 3304 1104 3370 capia.
1131 3306 1227 3355 lrtlianr
1245 3310 1400 3373 (κεχηνώς)ι

247 3368 314 3433 quia,
339 3378 431 3433 quanta
453 3369 498 3417 tibi
520 3368 656 3418 divitiarum
680 3369 806 3434 pomereio,
840 3372 932 3419 inhiare
952 3369 1074 3427 dicuntur,
1097 3368 1140 3444 qai
1166 3370 1247 3420 hiante
1269 3374 1339 3437 quasi
1361 3390 1402 3425 ora

247 3442 314 3483 tauta
326 3433 361 3481 tui
372 3433 404 3481 ait
414 3432 554 3493 estimati03
573 3449 593 3481 ε.
605 3442 721 3499 quantum
733 3436 807 3482 bono·
841 3434 880 3499 (li.
891 3449 914 3483 e.
926 3449 1019 3482 ramma
1033 3434 1177 3500 cupiditate)
1194 3436 1266 3485 alicui
1278 3438 1312 3486 rei
1322 3438 1401 3488 immi·

247 3513 300 3546 rum
331 3497 461 3563 possideas,
493 3506 587 3547 tantum
619 3498 663 3547 tibi
692 3506 809 3547 statuatur
840 3506 907 3555 nent,
920 3506 970 3546 toto
981 3498 1061 3546 animo
1071 3500 1097 3547 in
1109 3497 1306 3563 aliquaradaiiri
1316 3512 1381 3552 runt.

246 3561 326 3628 pretii.
873 3564 915 3611 71.
932 3564 1018 3618 Sacris,
1031 3561 1178 3628 ἀναθήμασι
1189 3573 1256 3629 puta.

280 3628 321 3675 63.
340 3624 488 3691 Qaiclsociar
501 3628 556 3675 illi?
571 3626 691 3692 quomodo
706 3626 809 3676 illisue·
873 3628 914 3675 73.
942 3627 1030 3682 Nescit,
1053 3645 1097 3691 qao
1119 3630 1195 3675 ooteat
1219 3634 1344 3679 nummus?
1370 3648 1403 3682 an

247 3692 347 3739 curtari
372 3705 424 3747 nos,
441 3708 486 3739 ιιιιι
505 3692 576 3740 witta
596 3694 630 3740 da
649 3693 706 3739 wohl
724 3694 766 3739 mit
787 3708 810 3739 ιι
841 3692 929 3746 nescis,
941 3707 990 3765 quo
1001 3700 1091 3756 spectet
1101 3693 1274 3743 nummivitet
1284 3696 1403 3760 pretioml

146 3757 152 3764 “
246 3758 319 3804 einen
329 3754 465 3821 ansangeni
482 3757 566 3805 Jabeor
574 3758 682 3805 ιιιίιιιιιιιι
692 3772 744 3812 esre,
752 3764 810 3805 cett.
842 3754 867 3803 h.
879 3771 902 3804 e.
913 3771 954 3804 cut
964 3755 998 3805 rei
1009 3755 1158 3804 adhibendus
1167 3756 1199 3806 tit
1209 3763 1337 3808 nummosi

247 3820 308 3876 eine,
321 3834 412 3884 quaero,
424 3834 479 3868 eum
494 3821 607 3869 miserum
623 3836 684 3878 eata,
698 3820 811 3884 quoniam
875 3822 915 3869 75.
933 3822 1006 3876 Adde,
1020 3820 1090 3873 Quen
1104 3824 1205 3870 bumana
1218 3825 1262 3872 ribi
1272 3826 1348 3875 dohet
1359 3844 1402 3876 na.

247 3899 303 3933 eom
320 3884 355 3932 ita
374 3898 444 3947 ιςιιιο
461 3893 487 3934 et
506 3884 604 3950 proinde
625 3886 738 3934 misarum
759 3899 811 3933 esse
843 3889 1006 3950 taronegotir,
1018 3884 1146 3942 addealia,
1158 3887 1245 3998 puibus
1258 3897 1342 3938 natura
1356 3891 1402 3940 hu·

245 3948 468 4036 ]“ιινιιι...ίὶιιιιιιιιιιιιι
491 3948 810 4052 nandoquidem.quopiarn:
841 3964 914 4061 trianat
930 3964 1063 4063 amum
1063 3965 1125 4063 3¹¹2}
1134 3950 1165 4000 do
1167 3956 1405 4070 ppvffimet

249 4012 465 4126 litierillitcoliliciiiin
474 4025 598 4127 nerlii&
610 4017 653 4063 hm
665 4020 742 4079 mill·
760 4030 797 4063 m
842 4028 943 4127 illicilia
958 4030 1013 4143 qliae
1033 4087 1119 4127 natura
1126 4030 1251 4144 ignum,
1268 4035 1403 4149 gertineinr

282 4143 323 4190 64.
342 4142 443 4195 Quidam
454 4154 593 4216 memorator
605 4143 716 4191 Athenis:
734 4142 810 4191 bomi-
843 4150 931 4191 natura
940 4144 1048 4201 hamana,
1057 4144 1178 4210 appetitus
1188 4147 1276 4212 cuique
1288 4147 1377 4198 bomini
1389 4164 1405 4199 a

249 4220 301 4262 nea,
318 4205 399 4272 qualis
421 4205 460 4256 bie
480 4208 584 4257 Atheon
603 4206 675 4257 tuisse
695 4216 811 4264 narratur,
845 4207 1035 4256 naturainsitus.

249 4271 339 4335 ubique
361 4270 468 4335 gentium
493 4272 650 4339 reperiantur.
695 4272 813 4336 Respexit
877 4272 920 4321 76.
947 4272 1081 4335 Fugientes,
1106 4272 1168 4322 nervi
1214 4275 1240 4324 ui
1267 4277 1416 4343 aufugiunt„

284 4344 321 4383 tur
332 4336 431 4384 fortasse
442 4344 521 4410 poeta,
531 4345 559 4386 at
570 4344 639 4402 putat
650 4334 812 4393 flondonius,
846 4336 938 4385 Horum
952 4340 1070 4393 ὸιιιιιιιιιι,
1082 4337 1199 4402 ejusmodi
1244 4356 1337 4397 norum,
1350 4360 1405 4408 quta

276 4416 388 4449 ornanum
417 4400 522 4466 aliquem
550 4400 699 4457 nobiliorem,
727 4416 809 4467 quem,
842 4408 922 4449 tantu
934 4416 1005 4450 curat
1014 4400 1126 4466 injiciant
1138 4402 1189 4451 suia
1199 4404 1384 4469 possessoribus.

249 4464 308 4512 satir
332 4473 414 4514 uotum
437 4465 556 4523 omnibus,
575 4464 671 4513 invidie
692 4464 810 4515 evitanda
875 4466 916 4514 80.
942 4467 974 4514 Ar
992 4469 1021 4523 n‘,
1040 4474 1097 4515 cett.
1115 4468 1208 4525 malim,
1225 4469 1273 4527 Αιι,
1290 4473 1320 4526 ιι,
1338 4480 1367 4520 ut
1381 4488 1404 4519 v.

249 4544 324 4579 causa
334 4529 456 4579 nominare
467 4530 553 4579 noluit.
760 4544 773 4555 ·
843 4530 884 4586 76,
897 4531 935 4577 Aa
946 4533 1054 4593 vigilare,
1064 4539 1122 4580 cett.
1153 4532 1293 4581 Terrarum:
1309 4548 1405 4601 eorpus,

282 4595 323 4643 68.
343 4592 457 4641 Tantalus
475 4613 490 4642 a
513 4596 591 4652 labris,
611 4602 667 4643 cett.
701 4594 749 4651 Tu,
769 4592 811 4658 qui
843 4594 909 4659 quod
926 4593 1018 4643 invadit
1035 4603 1060 4643 et
1079 4604 1180 4662 occupat
1197 4598 1302 4654 morbae,
1319 4601 1406 4648 tenori

250 4673 362 4707 nummos
373 4658 398 4706 in
408 4672 464 4707 area
474 4666 568 4708 tantum
579 4666 674 4708 contem
692 4656 757 4714 laris,
768 4674 811 4707 neo
844 4659 926 4707 morbo
935 4658 1037 4708 dieitur:
1049 4659 1071 4725 f
1106 4677 1153 4717 ore,
1164 4676 1213 4725 quo
1223 4660 1308 4727 agitari
1318 4672 1343 4713 et
1352 4679 1405 4713 cor·

250 4736 322 4773 asum
342 4722 398 4772 inde
421 4721 495 4791 capia,
514 4724 578 4774 idem
599 4722 646 4773 iere
667 4676 726 4772 licia
746 4723 812 4787 quod
845 4721 977 4789 ripiaolent
989 4676 1229 4787 eventilarent.
