3659 5892
867 541 1166 609 CARMINUM

872 812 1079 878 CARMEN
1104 811 1166 878 XI.

844 1041 903 1091 AD
933 1041 1202 1092 LEUCONOEN.

528 1199 584 1264 Tu
598 1223 639 1266 ne
653 1203 831 1286 quaesieris,
847 1204 931 1270 scire
945 1201 1048 1280 nefas,
1064 1223 1160 1287 quem
1173 1201 1264 1279 mibi,
1278 1185 1381 1287 quem
1389 1199 1451 1266 tibi

529 1301 643 1368 Finem
657 1303 706 1368 Di
719 1305 880 1382 dederint,
896 1304 1088 1383 Leuconoe3
1110 1326 1171 1368 nec
1185 1301 1385 1388 Babylonios

528 1403 682 1470 Tentaris
697 1429 859 1476 numeros.
904 1405 954 1471 Ut
967 1404 1093 1482 melius,
1109 1405 1270 1489 quidquid
1284 1405 1357 1482 erit,
1371 1405 1459 1489 pati!

530 1504 597 1570 Seu
612 1507 721 1592 plures
735 1508 869 1584 hiemes,
886 1529 944 1572 seu
958 1507 1074 1570 tribuit
1087 1506 1219 1591 Jupiter
1232 1505 1387 1584 ultimam,

478 1608 499 1670 5
532 1607 617 1680 Quae
631 1632 717 1674 nunc
732 1610 891 1695 oppositis
907 1607 1056 1674 debilitat
1071 1607 1252 1693 pumicibus
1267 1630 1355 1673 mare

528 1709 746 1795 Tyrrhenum.
792 1712 921 1797 Sepias,
936 1711 1010 1775 vino
1022 1709 1139 1794 liques,
1154 1721 1188 1774 et
1202 1711 1309 1794 spatio
1320 1708 1413 1775 brevi

532 1811 631 1896 Spem
643 1812 773 1898 longam
788 1835 926 1880 reseces.
971 1811 1063 1876 Dmn
1078 1810 1249 1896 loquimur,
1266 1810 1388 1896 fugerit
1399 1811 1510 1877 invide

532 1911 641 1978 AEtas.
688 1915 796 2000 Carpe
811 1915 907 1992 diem,
923 1934 1021 1998 quam
1035 1913 1199 1978 minimum
1214 1912 1347 1978 credulo
1361 1924 1504 1998 postero.

614 2047 765 2097 CARMEN
784 2047 831 2098 xl.
1033 2046 1103 2104 uelle,
1114 2045 1140 2096 b.
1152 2063 1176 2096 e.
1186 2046 1311 2098 consulere
1328 2047 1468 2114 astrologos.
1505 2048 1537 2098 Ut
1547 2067 1595 2098 ms·

479 2112 542 2161 Cum
555 2113 699 2162 Leuconoen
710 2113 770 2175 (sub
778 2129 830 2178 quo
841 2113 896 2163 ficto
906 2112 1003 2162 nomine
1034 2114 1079 2160 lius
1086 2114 1199 2175 quidquid
1208 2115 1263 2169 erit,
1270 2116 1335 2175 pati:
1347 2113 1365 2162 i.
1370 2129 1394 2162 e.
1400 2121 1491 2188 quanto
1498 2115 1595 2179 sapien·

445 2175 594 2226 hsuddubie
609 2175 807 2241 amicaquaedam
819 2177 913 2226 Horatii
930 2177 1002 2240 lntat)
1035 2176 1092 2232 tius,
1120 2175 1356 2241 uidquidacciderit,
1399 2177 1566 2227 banterierre!

446 2255 536 2304 proco,
546 2257 601 2316 que
610 2248 661 2289 tum
669 2240 1003 2314 cepemthominnmanimos,
1065 2243 1091 2289 5.
1102 2193 1234 2294 (busim
1242 2244 1348 2304 oppositis
1371 2243 1597 2305 etttitotpons'cs'bss

446 2305 620 2368 superstitione,
629 2304 681 2369 jam
696 2305 721 2353 sd
739 2319 816 2369 agere,
831 2313 859 2354 ut
873 2307 1005 2370 astrologos
1032 2319 1096 2354 mors
1105 2304 1434 2368 Tyntenum,151tcoomatu
1443 2307 1596 2379 provulgari,

445 2369 592 2418 consulendo
613 2369 684 2417 finem
706 2368 762 2418 vius
782 2369 829 2418 sibi
846 2371 1004 2420 constitutum
1051 2383 1089 2416 nn
1112 2383 1178 2417 nunc
1199 2369 1284 2418 transit
1297 2369 1336 2418 vel
1353 2369 1492 2434 transigitur
1507 2369 1596 2421 biems.

446 2432 587 2489 sciscitetur,
603 2433 761 2482 intellexisset
777 2443 862 2499 poeta,
884 2449 938 2483 som
958 2434 1004 2483 boc
1034 2383 1094 2486 zue
1116 2450 1180 2481 nune
1205 2435 1312 2482 debilitat
1331 2452 1403 2490 more,
1423 2449 1466 2500 pro
1489 2435 1594 2508 vulgari,

446 2496 560 2553 cannino,
572 2506 621 2545 tam
633 2497 682 2545 tata
693 2498 782 2554 lutura,
791 2513 847 2561 quse
854 2499 1003 2561 ignorentur,
1035 2509 1083 2558 qus
1094 2511 1160 2546 nunc
1170 2511 1236 2546 mare
1246 2497 1393 2556 debilitetur,
1404 2497 1458 2548 b.s.
1467 2497 1595 2564 frangitur,

447 2560 522 2608 multo
533 2562 618 2611 melius
629 2561 693 2618 terri,
704 2561 820 2618 docendo,
831 2577 905 2627 quam
917 2563 1003 2628 volup·
1035 2574 1060 2608 re
1090 2561 1194 2610 coutitur
1208 2565 1314 2624 oppositis
1330 2565 1466 2624 pumicibus,
1483 2579 1535 2628 pro,
1553 2581 1594 2613 rn-

446 2631 532 2681 tatum,
541 2627 571 2674 ob
582 2627 637 2674 vite
649 2627 796 2682 brevitatem,
807 2626 940 2685 dumlicet,
948 2642 1003 2692 per·
1034 2623 1277 2688 pissinontiorum
1295 2627 1414 2675 fluctuum
1432 2627 1464 2675 im
1496 2635 1533 2685 tn,
1547 2645 1595 2694 pn·

445 2688 1004 2804 ituresnimium²
1034 2643 1519 2819 stertentum.
1535 2711 1596 2806 ..r

482 2819 504 2866 l.
522 2817 681 2882 b'equaesieris
725 2833 759 2876 ro,
771 2833 829 2868 cave
839 2833 942 2882 quaerss,
953 2817 1005 2866 noll
1037 2817 1119 2869 Qualis
1139 2819 1248 2879 spelenco
1268 2821 1343 2868 subito
1362 2829 1467 2867 musto
1481 2821 1595 2880 mamb«,

447 2897 563 2946 querere.
599 2834 730 2932 Commode
742 2883 766 2930 in
777 2881 840 2932 hanc
859 2883 1004 2932 sententiam
1037 2880 1083 2928 cni
1104 2883 1183 2930 domm
1202 2893 1225 2930 st
1246 2885 1324 2932 dulces
1339 2885 1447 2932 latebroso
1462 2885 1488 2931 in
1503 2890 1595 2946 pumice

448 2945 487 2994 Cl.
508 2946 608 2996 Mitsch.
628 2946 711 2995 laudat
731 2948 839 3013 Propert.
859 2947 885 3004 ii,
902 2948 944 3004 20,
961 2947 1002 3004 60,
1034 2947 1095 3002 uidi,
1110 2945 1198 2994 Fertur
1212 2949 1237 2994 s'u
1250 2963 1309 2995 arua
1326 2949 1404 2995 solans
1419 2954 1493 3006 cett.;
1510 2955 1536 2998 ct
1549 2950 1594 3009 xii,

447 3010 479 3056 Ar
498 3027 535 3058 vos
550 3013 670 3069 incertam,
688 3013 802 3068 mortales,
810 3011 909 3078 funeris
926 3014 1005 3060 Ιιυωιιι
1035 3009 1093 3066 687,
1111 3009 1217 3058 inclusas
1230 3021 1258 3059 at
1272 3028 1324 3059 eum
1340 3013 1448 3060 lotebm
1463 3012 1489 3058 ιἰι
1503 3018 1596 3074 pumice

449 3075 567 3132 Queritis,
587 3085 609 3123 et
630 3093 676 3138 quo
695 3077 726 3124 sit
746 3093 805 3124 mors
825 3078 934 3125 meando
956 3078 1005 3123 oio.
1034 3084 1113 3134 postor
1125 3073 1251 3136 Vestigooit
1266 3091 1319 3138 opes
1333 3083 1390 3123 cett.
1423 3075 1596 3150 Voigtius,vir

449 3139 558 3192 Qucritis
568 3149 591 3188 et
604 3142 658 3188 eoeto
668 3140 801 3188 Pla-nisum
814 3142 908 3188 inventa
918 3155 1004 3198 meno,
1035 3135 1213 3196 celeberrimus,
1227 3154 1257 3188 ex
1273 3138 1381 3204 physicis
1397 3139 1530 3189 rationibus
1549 3145 1563 3204 (
1566 3153 1596 3190 ut

449 3203 505 3256 Qun
526 3205 557 3251 u't
577 3205 644 3252 stella
664 3205 749 3252 bonoim
769 3205 890 3260 commodo,
913 3219 1005 3267 Μαι
1035 3214 1065 3248 ss
1078 3201 1230 3252 Cllllitscb.
1244 3202 1496 3261 Anal.adllor.T.ii,
1508 3221 1532 3270 p.
1544 3207 1595 3255 677

447 3267 518 3314 mola.
542 3267 758 3341 surruptum
766 3275 838 3317 cett:
856 3268 957 3332 impium
965 3276 1003 3316 est
1032 3261 1155 3328 intellexi)
1170 3266 1236 3316 bunc
1255 3268 1335 3316 locum
1353 3267 1523 3333 explicandum
1541 3285 1595 3320 esse

447 3331 509 3380 scire
520 3331 558 3379 vel
569 3332 686 3380 sciscitari
694 3331 765 3388 velle,
773 3347 845 3396 quem
854 3341 927 3393 cett.;
944 3346 1001 3380 nam
1032 3328 1161 3379 existimas
1193 3331 1268 3380 Putst
1290 3331 1404 3380 nimirum
1426 3348 1469 3397 per
1484 3337 1596 3395 oppositos

445 3397 548 3457 prudens
566 3400 608 3459 (ut
624 3397 685 3446 Hor.
700 3395 744 3446 int.
756 3395 791 3452 iii,
803 3397 844 3452 29,
860 3396 906 3460 ³0)
916 3396 1004 3462 futuri
1032 3397 1132 3466 pumices
1153 3409 1257 3442 massam
1279 3395 1401 3444 ardentem
1424 3397 1475 3446 sive
1501 3397 1596 3462 lapides

446 3462 550 3520 temporis
555 3459 639 3510 ericum
647 3462 779 3524 caliginoso
784 3469 847 3508 nocte
851 3463 933 3522 premit
939 3463 1003 3508 deus.
1035 3472 1091 3521 igne
1101 3473 1196 3524 peresos
1205 3458 1374 3524 intelligendos
1383 3475 1444 3518 esse,
1452 3476 1514 3525 quos
1525 3478 1595 3512 mons

449 3525 510 3572 Stet.
522 3523 600 3574 Theb.
612 3525 647 3582 iii,
660 3526 717 3581 562,
728 3527 784 3587 quid
794 3527 896 3574 mortino
907 3527 1004 3573 votvm
1035 3520 1172 3584 ignivomus
1180 3524 1206 3570 in
1213 3524 1349 3573 AEolisnun
1357 3524 1436 3573 insula
1444 3541 1502 3583 una,
1510 3527 1598 3576 Stron-

448 3599 510 3644 rtas,
533 3589 596 3636 Scire
618 3590 684 3654 nefas
706 3591 799 3638 bomini.
843 3589 914 3643 Quem
937 3589 1004 3648 mut,
1036 3586 1099 3696 pylo,
1117 3587 1252 3652 ejsculstur
1266 3596 1292 3637 et
1311 3589 1337 3636 in
1357 3603 1422 3638 mare
1443 3589 1595 3653 Tyrrhenum

449 3669 512 3726 quem
534 3655 577 3701 titt
588 3653 662 3717 finem
683 3652 708 3704 di
727 3654 841 3701 dederint.
875 3653 1005 3727 leucopoe
1053 3651 1144 3715 ejiciat.
1176 3652 1595 3725 Itaquebunolocnmitnierever-

448 3715 1005 3839 uttttttttttttttlsttttt
1036 3715 1596 3849 ttttttttttfflfrsslttttttt?

449 3859 504 3893 eum
516 3859 644 3895 amorosm
662 3844 716 3893 lena
726 3859 777 3893 esse
787 3843 888 3894 videtur.
1036 3843 1075 3890 des
1092 3842 1272 3907 Tynbeuiwlun
1316 3861 1375 3893 seres
1391 3847 1596 3909 duretgltlbsmle

480 3912 505 3965 2,
518 3913 542 3958 3.
564 3909 612 3956 Nee
630 3861 765 3972 ldtylmios
784 3913 1004 3958 tentorisnumeros.
1035 3905 1182 3959 laombbms
1201 3924 1230 3956 sa
1246 3910 1341 3958 breohm
1354 3912 1434 3958 rtrebt.
1466 3909 1514 3958 Sed
1529 3910 1595 3962 bsnc

450 3973 513 4021 Cum
541 3972 670 4036 Babylonii
691 3973 799 4038 inprimis
821 3973 871 4023 sive
894 3972 1005 4022 Chaldaei
1034 3970 1171 4042 explicandi
1187 3973 1303 4023 rationem
1321 3973 1462 4038 neutiquam
1480 3989 1540 4022 usus
1558 3975 1594 4025 lo-

450 4043 564 4101 (quorum
579 4038 636 4084 urbs
650 4037 697 4084 luit
707 4037 832 4101 Babylon)
843 4053 874 4086 ex
887 4037 946 4085 born
956 4053 1005 4100 qua
1036 4035 1126 4100 quendi
1137 4035 1250 4085 sdmittit
1283 4037 1348 4090 Nam
1359 4053 1439 4088 massa
1448 4038 1594 4098 illsardens,

449 4100 1005 4166 quisnatusesset,siveboroseopo,secundum
1037 4099 1596 4173 s.igneadesilapides,0'ieiquidemsxmonte

448 4165 654 4216 constellationem
676 4165 726 4213 sive
750 4165 880 4222 stellarum,
902 4181 1005 4233 quarum
1036 4179 1166 4227 ignivomo,
1176 4164 1237 4212 etin
1247 4168 1400 4229 maredq'ioi,
1411 4167 1454 4216 sed
1470 4183 1519 4216 non
1529 4168 1595 4218 sicut

449 4245 545 4280 cursum
557 4239 582 4277 et
592 4227 773 4296 conjunctiones
781 4231 806 4278 in
814 4228 1006 4304 ephemeridibus
1037 4242 1117 4294 rupes,
1140 4228 1177 4278 vol
1198 4235 1267 4277 vasta
1292 4230 1403 4302 quiedam
1430 4231 1514 4288 moles,
1536 4248 1593 4296 quse

449 4295 499 4342 suis
522 4293 560 4344 vol
584 4292 672 4341 tabulis
693 4293 856 4342 astronomicis
875 4294 1006 4359 descriptas
1037 4291 1427 4349 fluctibusmarinisresrstit,msri
1437 4298 1518 4358 opponi
1529 4305 1595 4346 recte

448 4357 577 4413 habebant,
584 4357 774 4430 computationes
781 4365 805 4407 et
816 4373 942 4407 numerum
953 4373 1004 4406 sure
1035 4355 1149 4406 dicuntur
1155 4374 1163 4416 ;
1180 4371 1225 4406 nec
1235 4363 1303 4404 tanta
1312 4357 1348 4405 vis
1358 4358 1450 4407 ardenti
1459 4360 1497 4407 illi
1506 4375 1593 4410 masse

448 4423 537 4488 cuique
548 4423 602 4470 vitae
613 4429 704 4469 emtum
731 4421 859 4470 redicendi
866 4431 941 4471 artem
949 4437 1003 4488 pro·
1035 4431 1061 4470 et
1073 4421 1194 4486 lapidibus
1208 4422 1264 4484 igne
1279 4420 1369 4486 peresis
1384 4423 1457 4470 tribui
1467 4432 1554 4488 potest,
1565 4435 1594 4475 ut

447 4487 692 4544 lessisint;numeros
704 4437 1004 4548 limytonosseumreem,
1036 4485 1219 4542 mms,sicutru
1269 4485 1523 4549 quiedam,debils'teut,
1533 4487 1559 4537 b.
1569 4505 1592 4540 e.

447 4565 476 4599 ex
505 4551 622 4599 subducto
652 4549 785 4598 secundum
816 4549 1004 4618 Babyloniorum
1036 4551 1124 4599 fluctus
1134 4550 1207 4598 matis
1226 4559 1327 4612 tangant
1337 4559 1362 4599 et
1371 4550 1508 4600 retundunt.

447 4624 519 4664 artem
530 4615 652 4664 stellarum
662 4629 767 4671 numero,
775 4614 826 4663 sive
835 4631 863 4665 er
872 4615 1005 4664 Chaldaicis
1066 4615 1140 4663 6-8.
1156 4613 1238 4688 Sepias
1256 4622 1314 4663 cett.
1335 4629 1439 4662 murus:
1467 4631 1498 4664 ne
1519 4618 1593 4669 stulte

448 4687 488 4740 (ut
507 4681 593 4729 Cicero
610 4679 715 4743 loquitur
733 4678 763 4728 de
779 4679 837 4728 Div.
855 4679 881 4736 ii,
897 4681 943 4741 tt)
962 4697 1002 4727 ro·
1033 4677 1107 4743 igitur
1121 4677 1152 4727 de
1168 4687 1224 4726 vrtss
1241 4677 1308 4726 exito
1324 4677 1469 4729 sciscitando
1484 4681 1591 4730 animum

447 4747 545 4794 tionibus
556 4743 611 4792 vite
628 4743 719 4794 exitum
736 4743 859 4810 explorare
875 4753 900 4794 et
911 4743 1003 4794 discors
1034 4750 1102 4792 tumn
1124 4757 1247 4801 materen
1266 4741 1335 4807 quin,
1357 4744 1466 4807 cogitsns
1486 4743 1517 4796 de
1536 4746 1592 4796 vitre
