3659 5892
464 528 534 595 498
874 514 1198 587 SATIRARUM

553 678 679 743 Pressit
692 674 790 754 cella;
813 696 893 760 garo
909 673 951 740 de
967 672 1073 740 suecis
1088 671 1188 757 piscis
1202 668 1309 748 Iberi;

551 780 640 846 Vino
655 778 867 864 quinquenni,
883 797 996 845 verum
1010 774 1094 840 citra
1106 794 1195 840 marc
1208 782 1300 850 nato,

552 882 642 947 Dum
657 883 809 965 coquitur
823 879 930 963 (cocto
944 876 1064 944 Chium
1077 876 1126 942 sic
1140 874 1302 951 convenit,
1316 882 1434 937 utnon

551 982 627 1050 Hoc
642 985 744 1069 magia
759 981 859 1050 ullum
874 980 988 1063 aliud),
1004 980 1119 1064 pipere
1134 977 1220 1054 albo,
1236 998 1302 1041 non
1317 975 1387 1040 sine
1401 981 1507 1051 aceto,

487 1088 530 1151 50
553 1087 654 1160 Quod
670 1085 926 1170 Methymnaeam
940 1083 1019 1149 vitio
1032 1079 1207 1147 mutaverit
1221 1100 1326 1146 uvam.

552 1190 680 1255 Erucas
695 1187 827 1263 virides,
843 1184 949 1251 inulas
963 1206 1027 1268 ego
1041 1183 1165 1267 primus
1181 1202 1306 1247 amaras

552 1290 736 1356 Monstravi
750 1290 938 1372 incoquere,
953 1286 1061 1353 illotos
1075 1282 1232 1351 Curtillus
1247 1282 1394 1359 echinos,

553 1394 600 1459 Ut
615 1392 729 1457 melius
744 1391 859 1467 muria,
875 1412 973 1472 quam
988 1398 1074 1457 testa
1088 1388 1212 1453 marina
1225 1386 1372 1453 remittit.

551 1497 682 1561 Interea
697 1514 857 1578 suspensa
869 1512 986 1577 graves
1001 1489 1106 1558 aulaea
1119 1490 1231 1558 ruinas

487 1601 530 1665 55
552 1599 591 1663 ln
605 1598 749 1683 patinam
764 1594 882 1671 fecere,
900 1593 1063 1660 trahentia
1077 1591 1220 1676 pulveris
1235 1590 1311 1668 atri,

551 1703 721 1776 Quantum
734 1720 800 1763 non
813 1695 937 1780 Aquilo
953 1695 1129 1780 Campanis
1144 1693 1272 1759 excitat.
1280 1694 1380 1778 agris.

551 1804 625 1869 Nos
640 1802 745 1887 majus
760 1800 865 1877 veriti,
881 1809 1057 1885 postquam
1070 1796 1152 1863 nihil
1165 1818 1239 1863 esse
1253 1794 1368 1882 pericli

551 1907 731 1981 Sensimus,
746 1903 910 1987 erigimur.
957 1898 1080 1976 Rufius,
1095 1899 1203 1984 posito
1218 1898 1339 1983 capite,
1353 1905 1390 1963 ut
1406 1896 1436 1961 si

551 2008 654 2074 Filius
669 2008 858 2070 immaturus
875 2003 1010 2078 obisset,
1026 1999 1117 2065 flere.
1164 2000 1251 2073 Quis
1266 2007 1356 2063 esset

486 2114 529 2177 60
551 2112 653 2188 Finis,
670 2111 703 2175 ni
720 2108 849 2191 sapiens
865 2106 912 2169 sie
927 2103 1155 2169 Nomentanus
1170 2100 1309 2165 amicum
1443 2180 1447 2186 ν

550 2213 715 2279 Tollerct:
740 2210 829 2285 Heu,
846 2207 1003 2282 Fortuna,
1019 2204 1093 2291 quis
1107 2212 1159 2267 est
1173 2200 1338 2266 crudelior
1351 2200 1385 2263 in
1400 2222 1461 2265 nos

550 2316 603 2381 Te
620 2316 736 2381 Deus?
782 2310 830 2377 Ut
846 2330 975 2393 semper
988 2306 1115 2391 gaudes
1130 2303 1267 2369 illudere
1283 2302 1383 2367 rebus

552 2418 732 2485 Humanis!
779 2413 901 2479 Varius
916 2430 1036 2493 mappa
1050 2426 1259 2491 compescere
1273 2404 1375 2467 risum

551 2522 620 2605 vis
636 2527 775 2605 poterat.
822 2512 957 2579 Balatro
972 2510 1177 2595 suspendens
1192 2506 1301 2573 omnia
1313 2527 1405 2583 naso,

486 2630 530 2693 65
552 2624 636 2691 Haec
651 2632 702 2687 est
717 2618 860 2685 conditio
875 2614 1016 2690 vivendi,
1033 2612 1159 2689 aiebat;
1182 2630 1288 2693 eoque

464 2806 501 2849 est
518 2797 588 2847 rebus
606 2794 658 2843 his:
676 2789 776 2857 primum
793 2788 846 2837 oleo
861 2782 1025 2851 muntiare
1057 2795 1109 2838 nos,
1129 2780 1218 2828 Alces:
1235 2777 1268 2827 cf.
1288 2792 1343 2843 sup.
1364 2774 1396 2825 sd
1417 2777 1470 2825 Set.
1489 2775 1517 2833 ii,
1536 2778 1562 2834 2,
1579 2778 1619 2825 44,

466 2860 613 2915 Venafrano,
632 2859 694 2921 quoa
716 2856 791 2917 prima
815 2850 912 2915 Venafri
938 2850 1025 2896 Pressit
1058 2846 1209 2909 Egoprimus
1219 2844 1359 2891 maurnai:
1376 2840 1618 2906 Nasidienrrsoeju.

464 2923 606 2989 relinquen
618 2923 728 2987 primum,
741 2918 766 2967 h.
776 2933 799 2966 a.
809 2912 962 2981 prestantius
974 2912 1025 2962 Ve-
1058 2917 1095 2959 tst
1113 2907 1148 2958 rei
1166 2906 1292 2957 culinaria
1309 2906 1459 2971 magistrum,
1475 2915 1500 2955 et
1515 2905 1620 2963 ntionh,

466 2991 528 3041 nafri
538 3002 675 3055 expressura
685 2991 730 3039 est,
741 2983 767 3030 in
777 2982 845 3035 ceth,
857 2979 883 3027 h.
891 2994 914 3027 e.
927 2976 952 3024 in
963 2977 1026 3034 loco,
1059 2968 1621 3038 qnanonnullicibicomponendi,pemisoedi,

466 3056 510 3105 ubi
524 3054 604 3103 oleum
620 3048 775 3115 exprimitur3
793 3046 840 3101 vel,
851 3042 915 3108 quod
929 3040 1030 3091 Venafri
1061 3047 1087 3087 st
1104 3036 1225 3101 coquendi
1242 3036 1299 3091 sint,
1315 3034 1472 3090 inventorem,
1490 3034 1527 3083 uti
1542 3033 1622 3084 doetor

466 3132 605 3185 supressum
616 3124 653 3165 est
667 3114 693 3161 iu
710 3112 769 3161 cello
779 3113 864 3173 prim,
877 3108 903 3155 in
917 3107 971 3155 loco
987 3104 1030 3153 ubi
1060 3102 1105 3151 ille
1122 3101 1180 3149 artis
1199 3099 1345 3164 coquinarie
1362 3115 1418 3163 sup.
1434 3099 1488 3147 sat.
1502 3098 1529 3155 ii,
1544 3101 1569 3155 4,
1580 3100 1620 3155 ra,

466 3184 582 3249 optimum
600 3181 680 3229 oleum
699 3194 728 3227 er
746 3176 853 3225 rimitur:
869 3188 925 3237 sup.
936 3172 987 3219 Sat.
1001 3168 1028 3225 ii,
1061 3183 1102 3229 ego
1110 3166 1194 3231 fereae
1207 3168 1298 3227 prinas
1313 3174 1336 3213 et
1349 3164 1418 3221 allec,
1438 3163 1534 3212 Prinas
1548 3175 1571 3213 et
1583 3166 1621 3212 ἐι.

467 3252 491 3303 4,
504 3250 546 3303 69,
557 3246 587 3295 de
604 3242 696 3307 vulgari
716 3192 769 3289 oleo
783 3238 928 3294 Venafrano,
947 3235 1030 3283 Pressa
1061 3233 1141 3279 maior
1149 3233 1218 3293 piper
1227 3230 1315 3284 ufhusa
1327 3235 1386 3276 cett.

470 3312 607 3377 Venafrum
618 3311 677 3373 quod
687 3310 755 3355 hecra
766 3306 853 3353 nmhit
864 3303 938 3350 oliae.
1091 3296 1133 3344 52.
1149 3294 1237 3351 illotos,
1249 3308 1296 3341 non
1314 3291 1418 3348 ablutas,
1435 3307 1485 3339 non
1501 3291 1622 3357 salsugine

500 3380 541 3426 46.
558 3374 653 3425 Deinde
655 3376 699 3435 jus
707 3374 799 3418 matum
807 3376 845 3417 est
851 3365 1028 3431 gorodesuecis
1060 3374 1105 3408 suu
1114 3366 1237 3425 purgatos.
1265 3357 1377 3404 Echinos:
1393 3354 1622 3415 vicensumas,

466 3445 534 3505 piscis
554 3440 625 3495 Iberi,
644 3434 748 3487 scombri
765 3433 896 3497 (Mokrele,
913 3428 1028 3477 sesmter·
1060 3424 1101 3472 33.
1135 3424 1262 3478 Curtillus,
1272 3421 1354 3470 heluo.

465 3510 571 3563 samber,
593 3502 682 3563 Lien.)
700 3514 771 3565 prope
792 3495 935 3560 Hispaniam
955 3506 985 3540 ca
1000 3490 1029 3539 ti.
1093 3488 1134 3537 53.
1154 3488 1187 3537 Ut
1203 3489 1294 3543 nullm,
1310 3493 1340 3533 ut
1356 3483 1391 3543 id,
1408 3484 1473 3549 quoti
1492 3482 1525 3532 sit
1541 3484 1624 3533 melius

468 3572 507 3621 De
518 3588 583 3631 gero,
592 3565 692 3633 liquoris
702 3580 730 3613 ex
749 3560 812 3612 uisiti
824 3573 918 3624 genere,
925 3572 959 3631 qu
999 3570 1030 3604 ex
1062 3552 1140 3601 muria
1159 3548 1320 3623 (hiep-cf.
1342 3564 1397 3615 sup.
1419 3550 1469 3597 Sat.
1490 3548 1518 3606 ii,
1539 3554 1564 3605 4,
1583 3550 1625 3598 66.

467 3624 568 3701 piscium
580 3631 699 3682 intestinis
747 3624 897 3677 emaceratis
911 3621 1029 3669 mrscehs·
1064 3616 1131 3666 Testa
1150 3618 1253 3671 moriac,
1272 3613 1381 3678 intellige
1400 3613 1480 3679 pisces
1500 3621 1624 3670 tumme,

468 3710 514 3757 tur,
535 3700 601 3749 Pliu.
621 3699 653 3746 H.
673 3696 706 3744 N.
725 3690 791 3748 xxxi,
812 3690 853 3745 43,
872 3703 959 3751 garum
976 3686 1232 3735 sinuessanae.

467 3753 1031 3881 tttftfflttttwtiftmtt
1062 3740 1625 3871 affimatttiftttissllt

468 3912 529 3943 snum
537 3886 850 3955 inCnrthugias'sSpertoriae
859 3877 1029 3947 (Hispanicae)
1062 3876 1133 3922 term
1146 3873 1286 3921 muntia.

467 3960 570 4009 cetariis.
1092 3940 1135 3987 55.
1154 3938 1261 3985 Pulueris
1279 3936 1338 3992 etri,
1357 3933 1452 3999 supple,
1470 3942 1566 3984 tantum
1575 3952 1583 3995 ;
1600 3942 1626 3983 ut

482 4024 542 4071 st.
561 4021 628 4069 Citra
643 4024 779 4071 morenate,
792 4011 870 4061 Italo:
887 4009 988 4072 cf.sup.
999 4006 1031 4055 sd
1063 4004 1113 4053 Sat.
1133 4001 1160 4057 ii,
1179 4003 1204 4060 3,
1223 4001 1265 4056 87,
1282 3999 1406 4047 Frumenti
1426 4008 1540 4061 quantun
1562 4000 1626 4048 netis

470 4091 521 4139 Sat.
531 4086 548 4142 i,
563 4086 602 4141 lo,
612 4085 653 4133 al.
1063 4068 1156 4133 Africa.

501 4152 543 4200 49.
556 4150 638 4213 Pipere
649 4148 711 4195 ullo.-
722 4150 836 4209 repetaex
846 4156 870 4189 v.
878 4140 967 4201 45,jus
974 4139 1029 4185 nis·
1095 4132 1136 4179 57.
1154 4129 1244 4191 Mojus,
1255 4127 1369 4192 majorem
1380 4126 1481 4175 minam.

469 4228 519 4266 trem
529 4224 571 4263 est.
1096 4196 1137 4247 58.
1155 4194 1288 4267 Erigimur,
1298 4191 1407 4241 animum
1418 4189 1556 4257 recipimus.
1579 4192 1625 4239 Po·

500 4282 541 4331 60.
560 4277 626 4333 Quod
638 4274 813 4337 Methymnaeus
831 4269 887 4317 sitio
906 4266 1032 4315 mutaverit
1062 4262 1127 4333 sito,¹
1144 4257 1257 4314 demmso,
1283 4255 1409 4311 inclinato,
1435 4271 1467 4304 ex
1495 4271 1562 4306 more
1588 4256 1625 4304 lu.

469 4340 610 4412 (vitiaverit,
618 4332 761 4403 corruperit)
770 4352 846 4389 usam,
859 4329 924 4396 quod
934 4344 965 4378 ex
977 4328 1032 4377 rino
1063 4332 1181 4388 genuum.

468 4411 633 4475 Methymnaeo
644 4410 763 4453 mutatum
777 4398 810 4447 sit
826 4398 852 4446 in
867 4404 980 4452 acetum
996 4392 1032 4441 sic
1096 4390 1138 4438 ⁵9.
1155 4387 1454 4450 immaturatapraematurs
1460 4392 1545 4434 morte.
1568 4385 1626 4439 Quis

468 4482 547 4527 anast
554 4482 669 4522 mutatum
675 4482 728 4533 sup.
734 4463 849 4519 saraim,
857 4463 898 4511 58.
915 4459 1032 4521 Methym·
1064 4463 1117 4505 esset
1126 4467 1177 4517 pro.
1185 4450 1278 4506 fuisset,
1286 4458 1312 4498 et
1322 4450 1410 4498 tollam
1420 4462 1473 4513 pro,
1481 4448 1625 4504 manlium,

468 4538 621 4607 rrooppidurn
630 4536 655 4584 in
665 4530 744 4583 insula
756 4528 844 4584 Lesbo,
851 4524 957 4575 melioris
967 4531 1031 4571 nota
1061 4526 1090 4567 ut
1105 4533 1161 4583 sup.
1172 4518 1223 4565 Set.
1235 4515 1253 4571 i,
1263 4516 1289 4571 3,
1304 4514 1378 4570 6-7,
1392 4514 1477 4570 Cesar,
1491 4516 1533 4587 με
1549 4528 1627 4577 0032„

469 4608 524 4657 vino
536 4602 624 4661 nobili,
640 4614 682 4666 per
692 4612 761 4645 uuum
773 4594 949 4657 Methymnaeam
959 4586 1032 4650 igitur
1060 4593 1133 4647 postet
1144 4578 1331 4660 §potuisset),Si
1339 4587 1426 4640 peterse
1439 4576 1575 4642 (pamm)
1585 4595 1627 4641 μ,

469 4670 575 4733 intellige
586 4666 668 4715 unum
680 4660 803 4711 Lesbium.
1062 4657 1190 4697 matteum
1195 4654 1272 4707 potres
1281 4652 1431 4715 mauman,
1441 4658 1487 4691 m
1496 4642 1626 4707 ΜΨ,

500 4738 541 4785 cl.
560 4732 657 4788 Eruoss,
670 4724 738 4793 apud
753 4721 908 4785 nos,qusse.
939 4717 1031 4775 Imus,
1061 4713 1181 4777 preficeret
1192 4707 1353 4775 (molestatus
1363 4705 1470 4771 furseet).
