3659 5892
518 544 584 609 526
903 544 1299 611 EPISTOLARUM

604 680 786 765 Ingenium,
802 681 865 747 sibi
879 682 969 767 quod
985 704 1103 749 vacuas
1119 682 1278 748 desumsit
1291 680 1457 761 Athenas,

603 782 652 847 Et
666 783 784 847 studiis
798 806 900 847 anuos
918 795 1043 868 septem
1056 784 1160 861 dedit,
1176 786 1383 869 insenuitque

603 883 714 948 Libris
729 894 763 949 et
777 886 876 962 curis,
893 896 1002 950 status
1017 887 1209 950 taciturnius
1224 887 1293 951 exit

602 986 810 1073 Plerumque,
825 998 860 1053 et
873 988 942 1053 risu
957 987 1114 1071 populum
1128 989 1251 1071 quatit3
1273 988 1327 1053 hic
1342 1010 1405 1072 ego
1420 1010 1536 1052 rerum

536 1088 579 1151 85
600 1087 771 1154 Fluctibus
785 1089 818 1153 in
832 1089 949 1154 mediis
964 1100 997 1153 et
1013 1091 1261 1173 tempestatibus
1277 1091 1368 1154 urbis

601 1190 716 1256 Verbs
728 1190 808 1276 lyrae
822 1202 950 1256 motura
965 1212 1080 1256 sonum
1094 1200 1287 1255 connectere
1302 1191 1441 1275 digner?

601 1291 717 1358 Frater
731 1304 802 1358 erut
816 1291 933 1357 Romoe
947 1291 1088 1357 consulti
1103 1291 1225 1369 rhetor,
1242 1303 1279 1355 ut
1293 1292 1376 1356 ulter

599 1392 747 1459 Alterius
762 1416 909 1459 sermone
924 1416 1031 1459 meros
1046 1394 1176 1459 audiret
1190 1390 1342 1471 honoreS,

599 1496 773 1562 Gracchus
788 1508 826 1561 ut
839 1497 894 1562 hic
908 1495 956 1561 illi
971 1494 1066 1572 soret,
1081 1495 1158 1561 huie
1174 1508 1211 1560 ut
1226 1496 1359 1561 Mucius
1374 1496 1438 1561 ille.

533 1597 577 1661 90
599 1597 670 1671 Qut
682 1600 788 1663 minus
803 1608 938 1683 argutos
950 1608 1048 1663 vexet
1062 1595 1154 1663 furor
1168 1600 1230 1663 iste
1245 1602 1382 1684 poetast

599 1700 751 1765 Carmina
765 1723 936 1786 compono,
952 1700 1007 1765 bic
1023 1697 1144 1783 elegos
1160 1700 1306 1767 mirabile
1322 1703 1394 1766 visu

599 1802 826 1888 Coelatumque
841 1824 958 1867 novem
972 1800 1081 1865 Musis
1096 1806 1196 1885 opus!
1242 1800 1391 1887 Adspice
1406 1806 1563 1889 primum,

598 1905 732 1978 Quanto
746 1926 820 1969 cum
835 1903 935 1981 fastu,
951 1914 1074 1987 qusnto
1088 1904 1250 1969 molimine
1266 1906 1402 1970 circum-

597 2005 790 2089 Spectemus
806 2028 939 2071 vacuum
952 2006 1110 2070 Romanis
1125 2009 1253 2071 rstibus
1269 2008 1390 2073 aedem!

532 2108 576 2171 95
597 2108 682 2174 Mox
696 2109 804 2187 etism,
821 2110 849 2173 si
862 2108 947 2174 forte
962 2130 1069 2185 vaces,
1085 2128 1234 2193 sequere,
1249 2120 1283 2174 et
1297 2109 1412 2195 procul
1427 2112 1517 2189 audi,

511 2294 562 2329 sese
573 2278 718 2331 abscondere
729 2280 816 2338 solent,
827 2280 853 2331 in
864 2281 925 2338 solu,
938 2286 1035 2333 remote.
1045 2286 1070 2328 et
1102 2278 1152 2329 bito
1169 2280 1293 2337 Homtius,
1305 2288 1333 2329 ut
1343 2280 1412 2337 solet,
1424 2280 1476 2329 sine
1487 2280 1605 2331 emtionis
1615 2280 1662 2329 riu·

510 2354 611 2407 tuguste
628 2345 683 2395 toea
699 2347 880 2395 contrabuntur.
915 2344 988 2394 ovid.
997 2344 1070 2392 Trist.
1102 2344 1158 2393 culo
1178 2344 1259 2409 aliquo
1279 2345 1363 2393 trsnsit
1381 2344 1412 2393 ud
1433 2344 1509 2401 uliud,
1526 2344 1594 2410 quod
1610 2360 1663 2394 see

509 2406 527 2465 i,
554 2412 575 2465 l,
598 2411 639 2466 tl,
660 2410 770 2459 Ceresius
788 2427 894 2461 seoesmm
911 2410 1030 2458 uritetuu
1048 2418 1071 2455 et
1103 2408 1209 2457 versibus
1225 2408 1395 2475 componendis
1408 2408 1662 2475 avertatstquerepri·

509 2476 557 2521 otiu
579 2484 701 2537 euersam,-
730 2474 839 2540 Propert.
860 2473 895 2531 iii,
915 2477 939 2530 l,
961 2475 999 2529 lt,
1019 2472 1072 2519 ll'ou
1103 2472 1304 2529 meterlvensm
1321 2474 1415 2522 scilieet
1430 2472 1495 2521 illem
1508 2474 1661 2537 laudemque

510 2540 625 2587 ‹laturod
637 2539 717 2587 llutos
731 2556 824 2587 currere
842 2540 889 2587 tutu
906 2540 953 2587 siu.
987 2537 1070 2586 Verba
1100 2536 1273 2586 alteralterum
1290 2537 1397 2587 certatim
1413 2548 1535 2588 emarcet
1550 2539 1660 2587 extollere

509 2600 582 2676 igitur
600 2613 623 2651 et
644 2613 763 2651 contractu
783 2606 847 2666 requi
867 2606 1069 2675 vestigimentum,
1101 2600 1204 2675 student.
1223 2664 1228 2674 Ι
1250 2602 1333 2660 Erant,
1362 2602 1403 2659 ait,
1429 2602 1514 2651 Mure
1538 2601 1659 2676 cluoyi'ri,

508 2668 614 2780 tt'tt
626 2667 951 2781 stt'tttstttltttt.
971 2666 1072 2781 “titt
1102 2664 1660 2795 t¹tntz¹⁵ttttttetttftbtttt

509 2795 576 2843 vocis
599 2806 730 2845 contractus
755 2796 849 2859 egregie
874 2795 980 2843 illustret
1006 2794 1068 2843 elius
1099 2794 1236 2843 consultum
1256 2795 1335 2843 llluoio
1356 2794 1535 2860 equipurnbut3
1553 2796 1615 2844 idem
1635 2796 1658 2841 tit

509 2859 577 2908 locus
599 2861 695 2908 Horatii
715 2876 768 2926 sup.
789 2862 867 2926 Epist.
885 2860 902 2916 i,
922 2860 947 2916 t,
970 2862 1009 2916 12,
1030 2860 1067 2907 ed
1100 2859 1266 2924 epudpoetas.
1301 2860 1432 2915 Proteum
1447 2876 1517 2909 sensu
1533 2876 1583 2934 quo
1598 2858 1656 2924 apud

509 2940 572 2972 more
587 2928 714 2980 incendet,
725 2935 748 2973 et
761 2927 805 2973 eiii
815 2937 903 2987 puroet,
917 2925 1067 2973 Contractus·
1100 2938 1144 2971 nos
1163 2938 1258 2987 quoque
1272 2932 1370 2971 vocetur
1380 2922 1470 2972 intimes
1483 2924 1596 2973 amicitie
1606 2926 1655 2971 rin-

508 3004 551 3050 que
563 2992 630 3052 teget.
1099 2987 1155 3035 culo
1169 3004 1226 3036 cum
1243 2986 1324 3053 aliquo
1339 2988 1500 3053 conjunctus:
1518 2990 1551 3038 ei.
1564 3004 1618 3062 sup.
1627 2987 1655 3035 etl

542 3054 581 3101 81.
607 3053 705 3109 Vacuus,
726 3060 871 3119 oportunus
892 3052 941 3101 otio
964 3052 1026 3101 bene
1044 3060 1068 3101 et
1101 3051 1179 3125 Epist.
1192 3052 1209 3106 i,
1224 3054 1302 3107 lut.
1336 3052 1376 3101 De
1394 3052 1464 3101 laude
1482 3068 1554 3116 quam
1575 3054 1655 3103 Cicero

509 3070 800 3231 perpeslrpibcupienubus.
818 3116 1037 3229 ι)18ὶοιάειιι).ῑΕρὶετ.
1049 3115 1066 3171 i,
1099 3115 1334 3229 illidqussccim
1352 3116 1443 3229 u2t⁷insi
1479 3117 1486 3164 i
1489 3118 1598 3229 fflml’
1601 3116 1654 3229 sici·

526 3216 533 3237 ‚
580 3196 965 3239 ,lilit‘llcitilm,lllvl·l10·
1118 3196 1222 3236 tlt,Vt.
1263 3196 1346 3229 itt-c.
1399 3220 1404 3233 .
1465 3196 1583 3230 suellis
1645 3208 1654 3219 ¹

541 3247 583 3303 82,
596 3248 636 3295 83.
654 3247 801 3310 insenuitque
816 3246 892 3293 Libris
902 3256 925 3295 et
936 3248 1007 3299 euris,
1017 3242 1066 3292 ele-
1099 3246 1149 3292 ootu
1167 3244 1261 3293 celebre
1276 3245 1337 3293 inter
1348 3244 1538 3294 turismnsutus
1555 3246 1600 3295 luit
1616 3262 1654 3293 no·

508 3318 592 3373 genter
603 3327 653 3376 pro,
664 3320 690 3359 et
704 3320 798 3375 tempus
812 3308 945 3358 consumsit
954 3308 992 3359 vel
1008 3316 1064 3357 aeta-
1096 3324 1168 3367 meu;
1179 3308 1210 3357 tle
1221 3310 1235 3359 J
1240 3310 1289 3357 uris
1297 3308 1372 3357 Prud.
1383 3308 1502 3358 ltluciuns
1511 3311 1653 3373 singulsrem

508 3382 555 3422 tem
574 3375 688 3439 transegit
704 3375 730 3423 in
744 3374 852 3438 legendis
867 3374 934 3422 libris
949 3381 972 3421 et
989 3371 1064 3421 medi·
1097 3372 1207 3422 libellum
1219 3374 1314 3439 scripsit
1325 3374 1471 3422 letluinus.

508 3438 646 3487 tationibus.
679 3439 791 3489 Similiter
801 3455 855 3504 sup.
867 3438 945 3503 Epist.
959 3437 975 3493 i,
987 3438 1011 3492 t,
1023 3438 1064 3492 85,
1130 3438 1237 3487 tto-92.
1255 3440 1397 3495 Quintium,
1409 3446 1466 3487 cett.
1495 3439 1652 3504 Nouneptri·

509 3502 643 3551 Inseritur
649 3508 732 3553 studiis
742 3513 764 3551 et
775 3520 850 3551 umore
859 3506 952 3551 retrusit
961 3503 1067 3550 iubendi·
1099 3510 1134 3550 ter
1144 3510 1226 3568 poetas
1235 3500 1309 3567 agitet
1319 3502 1383 3550 luror
1398 3502 1452 3557 iste,
1469 3518 1517 3567 quo
1528 3504 1588 3553 alter
1598 3503 1651 3551 ulte·

510 3566 620 3624 uitem,
636 3567 725 3625 eredit,
740 3568 849 3624 efficitur,
865 3567 896 3616 de
914 3566 994 3615 formis
1012 3582 1067 3630 qum
1099 3566 1292 3614 rumadcoelum
1304 3582 1381 3629 usque
1391 3566 1453 3615 tollit
1468 3566 1597 3617 laudibusi
1628 3567 1651 3614 Si

508 3632 667 3695 effinguntur:
685 3633 729 3682 inl.
749 3632 826 3697 Epist
843 3631 875 3679 ud
890 3631 942 3679 Pis.
960 3632 1001 3687 22,
1012 3648 1067 3678 cur·
1099 3644 1144 3691 ego
1158 3644 1254 3677 carmen
1271 3630 1372 3693 lyricum
1390 3646 1506 3695 compono
1518 3632 1651 3696 (llomtius,

508 3706 572 3743 rente
587 3709 637 3746 ratu
652 3698 858 3746 currrreeuseritt
874 3696 996 3744 nonenim
1008 3698 1069 3742 crire
1101 3702 1175 3741 uteo
1196 3692 1294 3741 liberius
1316 3694 1390 3743 rideat
1409 3694 1519 3744 insunsrn
1541 3698 1651 3745 mulorum

504 3760 557 3825 jam
568 3771 613 3819 est,
624 3764 736 3825 surgetis,
747 3769 775 3809 ut
785 3760 855 3810 vertit
866 3759 977 3808 Vossius.
1099 3765 1221 3821 poetarum
1249 3757 1387 3813 vanitatem,
1415 3760 1526 3809 consulto
1551 3770 1575 3809 et
1597 3760 1651 3808 scite

540 3827 582 3882 tt,
595 3829 635 3874 tt.
653 3826 684 3873 Et
695 3831 743 3875 risu
760 3827 871 3887 populum
887 3826 972 3887 quatit,
984 3822 1067 3871 lortius
1099 3836 1124 3869 se
1141 3820 1219 3886 ipsum
1236 3821 1307 3869 tutem
1326 3823 1402 3885 tingit,
1413 3831 1437 3871 et
1453 3840 1533 3872 eorum
1551 3824 1614 3888 gregi
1628 3838 1652 3870 se

508 3905 550 3955 pro
567 3889 668 3951 vulgari,
685 3890 773 3956 populo
789 3897 824 3937 est
842 3888 900 3937 risui
913 3898 940 3937 et
955 3886 1066 3937 ludibrio.
1098 3885 1239 3947 immiscet).
1260 3886 1320 3934 ulter
1343 3886 1460 3949 Elegiam.
1479 3898 1529 3937 turn
1551 3890 1609 3938 ulter
1628 3886 1650 3935 iu

508 3956 595 4002 lterum
608 3954 728 4003 flectitur
738 3958 763 4003 iu
774 3956 854 4001 mediis
864 3964 885 4001 et
897 3954 1066 4013 tempestatibus
1098 3950 1197 3999 alterius
1208 3948 1302 3999 leudem
1317 3951 1444 4007 exclamet,
1457 3952 1494 3999 En
1508 3952 1650 4007 admirabile,

507 4021 580 4075 urbis,
596 4019 621 4065 in
637 4018 715 4067 medio
730 4034 816 4073 rerum,
828 4018 943 4066 fluctuum
955 4016 1029 4064 instar
1040 4030 1066 4063 se
1098 4014 1129 4062 eb
1143 4014 1201 4079 ipsis
1215 4030 1299 4063 novem
1311 4014 1391 4063 illusis
1402 4015 1490 4064 affabre
1504 4017 1650 4081 exsculptum

507 4082 610 4131 invicem
626 4082 780 4139 trudentium,
798 4082 888 4147 impetu
905 4088 928 4129 et
947 4080 1012 4129 urbis
1028 4088 1066 4127 tu·
1097 4079 1170 4143 opus!
1207 4080 1316 4143 Argutis,
1328 4094 1437 4137 canoros,
1454 4090 1481 4127 ut
1495 4084 1544 4129 otor
1556 4092 1650 4146 argutus

507 4148 604 4207 multu,
622 4150 714 4212 fluetus
732 4158 757 4197 et
778 4150 845 4196 uude
864 4145 895 4195 de
916 4146 988 4193 rebus
1010 4160 1064 4209 qum
1097 4142 1160 4216 opud
1174 4142 1243 4205 Virg.
1256 4142 1407 4200 uct.i1‚³6.
1441 4144 1577 4209 Opinantur
1591 4154 1650 4195 certe

507 4213 613 4261 mimum
631 4214 776 4277 perturbant,
794 4220 820 4259 et
837 4211 884 4259 buc
903 4210 963 4258 illuc
980 4208 1063 4274 impel-
1097 4205 1216 4271 ejusmodi
1232 4216 1308 4275 poete
1325 4222 1351 4255 se
1367 4208 1471 4257 suaviter
1482 4225 1583 4269 canere,
1599 4224 1650 4257 nam

506 4278 574 4327 lunt:
600 4291 654 4341 sup.
674 4276 752 4341 Epist.
771 4276 789 4332 i,
811 4278 832 4333 l,
854 4276 910 4331 lot,
931 4274 962 4321 Et
982 4290 1065 4321 mersor
1098 4275 1137 4335 (v.
1147 4272 1206 4333 107)
1221 4272 1329 4319 Gaudent
1341 4274 1470 4329 scribentes,
1479 4284 1649 4321 streoeuerus‘

505 4344 612 4393 civilibus
621 4344 700 4389 studit.
1096 4344 1145 4391 tur,
1159 4346 1182 4384 et
1192 4337 1265 4389 ultro,
1281 4334 1306 4382 Si
1324 4346 1406 4405 tusses,
1422 4337 1531 4395 leuduni,
1542 4338 1649 4402 qrridquid

538 4408 580 4456 86.
600 4404 670 4452 Ver-bu
690 4408 746 4469 tyre
765 4414 855 4453 motura
872 4418 951 4450 sonum
970 4417 1063 4449 eouuso·
1094 4402 1211 4461 seripsere,
1223 4401 1292 4447 bruti.

506 4482 566 4521 tere.-
586 4469 694 4519 similiter
713 4484 767 4534 sup.
784 4468 833 4518 od.
848 4466 880 4522 iv,
901 4469 926 4523 9,
949 4468 973 4521 t,
993 4465 1065 4513 Verte
1128 4464 1235 4513 92-96.
1253 4463 1365 4511 Celerum
1382 4480 1447 4525 opus,
1458 4464 1522 4513 corlo
1533 4465 1570 4515 vel
1587 4474 1649 4513 torno

505 4539 567 4600 toqui
586 4536 676 4582 chordis
694 4536 801 4583 sociando
809 4551 818 4592 ,·
836 4540 860 4581 et
876 4529 925 4579 Od.
941 4530 967 4587 ii,
983 4532 1021 4587 12,
1040 4532 1064 4587 4,
1098 4528 1250 4592 exsculptum
1259 4528 1457 4593 (istoc-pluuntur
1467 4530 1650 4593 reimpartiri

509 4602 581 4653 Verbo
594 4608 675 4660 aptore
690 4600 783 4647 citiore
800 4599 880 4645 modis.
913 4595 1021 4659 Diguer?
1038 4602 1066 4641 ut
1097 4591 1175 4641 Simili
1197 4590 1300 4655 imagine
1317 4590 1400 4641 inl.in
1420 4592 1498 4657 Epist.
1516 4594 1547 4642 ad
1564 4594 1615 4641 Pis.
1629 4610 1650 4639 v.

505 4682 553 4717 rem
565 4671 668 4714 uacum
680 4663 776 4726 dignum
790 4660 908 4709 babeam!
1098 4658 1154 4714 442,
1166 4671 1250 4705 versus
1261 4670 1354 4703 summe
1366 4656 1531 4723 cumexpoliti
1542 4656 1650 4705 dicuntur

537 4729 644 4779 tit-90.
661 4728 746 4776 freter
761 4736 812 4775 erut
829 4725 912 4778 liome,
929 4730 986 4771 cett.
1019 4723 1065 4769 Su·
1099 4723 1195 4769 tor-nuti.
1239 4722 1336 4783 Adspice
1355 4722 1465 4782 primum,
1490 4723 1583 4775 Questo
1603 4738 1650 4769 eun
