3659 5892
423 517 635 585 HORATII
658 519 776 586 VITA
799 519 831 586 E
855 520 1119 590 SUETONIO.
1291 527 1350 588 xxi

194 707 267 791 ipso
281 707 314 770 in
329 707 445 772 Satiris
453 715 476 754 ¹⁴
492 707 701 785 describitur,
716 719 750 773 et
770 709 812 772 ab
827 707 982 793 Augusto
1003 708 1065 774 hac
1087 710 1244 794 epistola:
1269 711 1352 778 Per·

193 823 266 887 tulit
288 827 336 890 acl
353 850 401 891 nee
424 823 635 913 Dionyeins¹⁶
657 827 795 891 libellum
818 837 1022 912 talemquese
1045 849 1119 913 ego,
1142 851 1181 892 ne
1204 851 1351 895 accusem

195 943 390 1021 brevitatem,
416 947 709 1032 quantuluscunque
737 955 796 1022 eet,
821 945 894 1010 boni
919 947 1057 1010 consulo.
1109 947 1219 1012 lereti
1245 959 1350 1014 aalma

191 1061 267 1126 milri
289 1063 420 1141 videris,
436 1085 476 1127 ne
498 1066 636 1150 majores
658 1065 758 1130 libelli
781 1066 828 1128 tul
848 1067 911 1129 sint
937 1089 1032 1151 qttom
1052 1068 1128 1152 ipae
1148 1089 1192 1132 eo.
1238 1068 1306 1131 Sed
1319 1068 1349 1130 ei

192 1182 250 1246 tibi
262 1191 391 1246 statura
406 1184 502 1260 deest,
519 1184 738 1270 corpusculum
752 1205 814 1248 non
828 1185 926 1248 deest.
971 1185 1090 1270 ltaque
1103 1185 1212 1250 licebit
1226 1187 1259 1250 in
1272 1208 1349 1250 sex-

191 1299 338 1364 ἰανίοῐο16
359 1301 508 1366 scribas:
529 1324 623 1386 quum
645 1301 798 1365 circuitus
820 1302 985 1367 voluminis
1008 1304 1055 1366 lui
1077 1305 1123 1366 eit
1143 1307 1347 1380 δγκυδέστατος·

188 1420 272 1484 sicot
294 1429 343 1483 est
366 1421 530 1484 ventriculi
553 1420 609 1484 tui.
655 1419 750 1484 Vixit
772 1419 947 1505 plurimum
970 1421 1004 1484 in
1027 1443 1160 1486 secessu
1182 1421 1268 1486 ruris
1294 1419 1346 1484 sui

191 1537 305 1603 Sabini
319 1548 377 1602 aut
391 1537 608 1602 Tiburtinillr
633 1538 815 1622 domusque
830 1538 901 1622 ejus
923 1541 1108 1604 ostenditur
1122 1541 1210 1605 circe
1223 1538 1346 1603 Tibur·

181 1659 249 1720 'tini
263 1657 418 1722 luculum.
464 1656 637 1723 Venerunt
658 1657 692 1720 in
715 1677 829 1720 manus
853 1665 887 1720 et
910 1655 995 1740 elegi
1016 1657 1078 1720 sub
1098 1657 1193 1722 titulo
1212 1658 1295 1742 ejus,
1311 1669 1345 1724 et

190 1774 329 1861 epistola
344 1798 443 1860 prosa
458 1777 614 1853 oratione,
632 1775 726 1860 quasi
741 1774 996 1841 commendantis
1016 1797 1052 1839 se
1067 1775 1261 1842 Maecenati:
1285 1775 1344 1840 sed

189 1905 328 1979 utraque
353 1893 435 1958 salsa
458 1904 549 1978 puto.
594 1893 686 1958 Nam
710 1893 796 1978 elegi
813 1893 976 1979 vulgares,
998 1895 1137 1980 epistole
1163 1896 1262 1960 etiam
1286 1895 1346 1960 ob·

190 2035 302 2092 scure3
327 2013 487 2098 quo'vitio
501 2013 629 2078 minime
645 2015 829 2077 tenebatur.
874 2012 986 2077 Natus
1004 2025 1055 2079 est
1069 2023 1165 2079 sexto
1178 2013 1260 2078 Idus
1275 2011 1345 2078 De-

189 2134 349 2211 cembres,
362 2133 467 2199 Lucio
483 2132 581 2197 Cotta
597 2142 631 2197 et
643 2131 748 2196 Lucio
757 2130 930 2216 Torquato
941 2129 1151 2197 Consulibus.
1190 2130 1345 2197 Decessit

189 2251 304 2334 quinto
334 2251 406 2317 cal.
435 2251 608 2329 Decemb„
635 2250 717 2316 Caio
743 2249 873 2317 Marcio
899 2250 1093 2329 Censorino,
1119 2249 1200 2314 Caio
1226 2249 1343 2315 Asinio

189 2368 289 2435 Gallo
316 2370 527 2450 Consulibus,
551 2380 628 2456 post
653 2371 805 2434 nonum¹⁸
827 2379 861 2435 et
882 2371 1186 2456 quinquagesimum
1211 2391 1342 2448 annum,

188 2487 321 2554 haerede
336 2486 490 2574 Augusto
509 2489 645 2575 palam¹⁹
667 2500 872 2575 nuncupato:
895 2512 1007 2574 quum,
1022 2501 1161 2576 urgente
1175 2489 1207 2554 vi
1221 2486 1344 2554 valetu-

189 2609 287 2686 dinis,
302 2629 370 2671 non
394 2605 557 2672 sufficeret
580 2608 623 2672 sd
647 2607 867 2693 obsignandas
883 2610 1069 2673 testamenti
1083 2607 1223 2674 tabulas.
1268 2605 1344 2670 Hu-

187 2737 294 2792 matus
324 2736 359 2790 et
387 2726 537 2790 conditus
567 2737 618 2792 est
647 2727 801 2791 extremis
828 2724 999 2810 Esquiliis,
1026 2727 1124 2810 juxto
1149 2725 1342 2790 Maeeenatis

187 2843 358 2910 tumulum.

140 3111 146 3119 ·
186 3095 221 3146 sic
239 3096 288 3145 iere
306 3095 373 3161 apud
390 3094 485 3145 Catuli.
502 3095 546 3154 iiii,
566 3097 748 3159 §salaputium
781 3103 838 3154 stat,
853 3096 1057 3146 convolvebeotur
1072 3111 1144 3161 super
1159 3095 1257 3152 bacillo,
1270 3095 1342 3160 eujus

189 3163 227 3210 1³.
245 3161 365 3224 Eelogom,
378 3175 465 3225 nempe
476 3159 556 3224 Epist.
571 3159 597 3216 ii,
612 3163 634 3209 1.
668 3163 708 3208 14.
720 3160 749 3209 ln
781 3160 883 3208 brevitas
898 3161 951 3225 jam
968 3175 1155 3226 permensum
1169 3160 1342 3210 mteriolide-

185 3225 280 3280 Satiris,
299 3229 351 3273 Sat.
368 3224 395 3281 ii,
414 3226 440 3282 3,
459 3225 515 3273 309.
558 3227 597 3273 15.
615 3226 749 3289 Dionysius,
782 3224 898 3288 signatur.
941 3223 1146 3290 Ὀγιωὸέστατος,
1173 3223 1342 3272 crassissimus.

186 3290 315 3338 servosvel
326 3289 429 3338 libertus
439 3289 553 3352 Augusti.
581 3291 619 3337 16.
636 3288 664 3336 ln
676 3298 750 3337 terto-
785 3289 825 3338 17.
851 3289 932 3336 Sabini
946 3300 988 3336 ont
999 3289 1200 3338 Tiburtinirvilla
1211 3288 1343 3336 Horatiana

185 3356 243 3402 siolo
257 3357 373 3402 seribere:
391 3367 495 3402 sensus:
513 3353 599 3417 Itaque
616 3352 697 3400 licebit
709 3353 751 3400 tibi
784 3367 869 3418 nempe
887 3353 921 3400 ita
934 3353 981 3401 sita
996 3353 1051 3409 init,
1062 3361 1090 3401 ut
1103 3361 1153 3401 tem
1163 3353 1250 3400 Sabino
1268 3367 1343 3416 quam

186 3418 282 3482 quidem
293 3419 401 3467 breviore
409 3417 539 3466 voluminis
546 3419 620 3467 forma
628 3419 672 3472 uti,
683 3418 752 3466 modo
786 3417 911 3466 Tiburtino
919 3417 999 3466 vocari
1010 3427 1097 3483 posset.
1114 3420 1154 3466 18.
1164 3417 1272 3465 Nonam:
1281 3425 1342 3464 tem·

185 3481 264 3547 ipsum
275 3483 390 3531 volumen
407 3499 429 3530 ε
447 3495 595 3530 uecmseum
612 3496 750 3546 accorpus-
781 3497 866 3548 porum
882 3481 1207 3548 retioportolstoeptimam.
1240 3481 1280 3530 19.
1292 3480 1341 3528 Po·

186 3547 348 3596 culumtunm
362 3546 404 3596 sit.
461 3545 751 3606 olumiua,utsetiseon·
783 3549 909 3602 tom‚voee
921 3547 1122 3596 eommtestibus.
