3659 5892
660 542 827 609 LIBER
851 544 896 624 ΙΙ,
916 546 945 611 1.

314 694 363 759 Ut
379 696 442 761 sibi
456 697 657 781 praebentem
670 697 768 760 mimo
783 697 969 781 spectacula
984 694 1095 780 plura;

217 784 223 797 ⁸
312 797 497 882 Scriptores
512 808 620 862 autem
636 820 769 875 narrare
784 809 916 883 putaret
931 797 1031 863 asello

225 899 291 962 200
312 898 479 963 Fabellam
497 899 615 964 surdo:
639 922 713 963 nam
726 922 801 983 quae
816 902 1005 985 pervincere
1020 922 1116 965 voces
1145 938 1149 946 ·

309 1001 472 1067 Evaluere
488 1024 613 1080 sonum,
630 1002 775 1067 referunt
789 1024 886 1087 quem
900 1012 1013 1067 nostra
1028 1001 1177 1066 theatra?

307 1102 500 1188 Garganum
513 1104 638 1189 mugire
653 1115 750 1188 putea
763 1126 888 1182 nemus,
904 1114 961 1168 aut
975 1126 1063 1169 mare
1077 1104 1243 1169 Tuscum:

305 1205 417 1270 Tanto
431 1228 506 1271 cum
520 1207 660 1289 strepitu
673 1205 744 1269 ludi
759 1216 948 1291 spectantur
963 1216 996 1271 et
1011 1217 1109 1283 artes,

305 1306 505 1392 Divitioeque
519 1309 718 1392 peregrinae;
741 1308 860 1391 quibua
875 1306 997 1372 oblitus
1013 1318 1104 1372 actor

219 1409 284 1472 205
305 1409 418 1481 Quum
433 1410 524 1474 stetit
538 1410 572 1472 in
587 1430 695 1485 scena,
711 1410 875 1473 concurrit
888 1408 1025 1475 dextera
1040 1407 1140 1473 laevae.

304 1509 402 1575 Dixit
415 1510 524 1575 adhuc
538 1510 685 1593 aliquid?
708 1508 768 1573 Nil
782 1532 870 1575 sane.
916 1510 1009 1584 Quid
1024 1509 1131 1595 placet
1145 1514 1248 1595 ergo?

305 1610 399 1676 Lana
412 1612 593 1677 Tarentino
608 1610 709 1675 violas
723 1611 849 1675 imitata
863 1634 998 1677 veneno.

303 1712 356 1779 Ac
370 1735 412 1778 ne
427 1714 512 1779 forte
524 1724 621 1798 putea
636 1736 698 1790 me,
714 1733 788 1797 quae
803 1712 910 1779 facere
926 1715 996 1799 ipse
1012 1735 1170 1793 recusem,

304 1816 417 1890 Quum
429 1825 517 1879 recte
533 1825 673 1879 tractent
686 1814 752 1891 alii,
767 1813 902 1879 laudare
916 1816 1071 1900 maligne;

215 1919 281 1982 210
302 1916 361 1982 Ille
376 1939 436 2002 per
450 1928 619 1981 extentum
632 1916 743 1982 funem
757 1916 836 1981 mihi
851 1940 950 2001 posse
964 1919 1094 1985 videtur

213 2097 240 2135 et
254 2088 339 2137 statuis
356 2086 412 2136 inde
426 2084 511 2135 efficti·
526 2085 639 2144 nobilem,
652 2087 694 2136 sed
711 2086 774 2136 mul·
807 2086 871 2161 apud
888 2088 1003 2149 Grecos3
1022 2089 1071 2138 rid.
1084 2088 1229 2153 Westeling.
1242 2089 1272 2138 ed
1292 2090 1367 2141 Diod.

214 2160 292 2201 tatum
300 2168 377 2201 rerum
387 2150 458 2216 copia
465 2150 626 2199 abundantem
635 2152 722 2217 posuit,
730 2152 772 2210 ita,
806 2153 857 2199 Sic.
868 2151 901 2208 ir,
913 2156 930 2203 6
936 2170 943 2212 ;
961 2153 1008 2202 niti
1025 2154 1080 2219 quis
1098 2164 1167 2211 artes,
1180 2154 1211 2203 ed
1228 2166 1368 2205 ornamenta

213 2224 241 2264 ut
252 2232 295 2282 per
307 2220 421 2291 coptiten
432 2216 593 2263 corintinms
610 2215 774 2267 leodidissima
805 2216 1078 2283 recentiorumque
1097 2219 1135 2268 rel
1152 2218 1178 2267 in
1194 2233 1266 2267 scena
1287 2219 1325 2268 rel
1341 2218 1366 2269 in

213 2290 238 2329 et
248 2280 528 2394 ldffildurimffle
538 2232 709 2393 intehdigendtia⁸⁸
705 2281 762 2356 sint.
805 2280 891 2393 repltittn
913 2280 1053 2331 histrionum
1074 2282 1262 2349 conspiciuntur,
1281 2284 1365 2333 reterre

379 2378 386 2393 .
521 2361 561 2391 nr:
595 2359 667 2393 reno
710 2362 773 2395 rmus
804 2358 828 2391 m
855 2360 862 2391 r

213 2408 378 2475 philosophus,
390 2407 493 2457 Abdere
509 2416 589 2465 natue,
600 2423 654 2473 sup.
666 2410 744 2474 Epist.
754 2410 772 2468 i,
835 2410 893 2457 204.
918 2408 1056 2473 Divitieque
1081 2413 1222 2475 peregrine.-
1249 2426 1362 2475 purpura,

216 2476 255 2530 12,
280 2474 319 2529 ts,
343 2482 393 2523 toto
413 2472 494 2522 animo
513 2472 548 2519 ita
568 2472 595 2519 ia
617 2472 772 2539 philosophia
804 2474 1233 2535 gemmae,margaritae,aurum,catt.
1263 2476 1364 2533 Oblitus,

212 2538 292 2587 studio
302 2537 394 2586 defixas
403 2536 580 2593 luirtedicitur,
592 2545 621 2585 ut
631 2551 725 2587 omnem
736 2554 771 2589 re-
803 2550 855 2600 pro,
867 2538 985 2592 obtectus,
998 2538 1103 2594 indutus,
1121 2538 1221 2595 obsitus,
1233 2554 1287 2587 oum
1305 2554 1364 2589 con·

212 2616 265 2650 rum
282 2616 379 2651 suarum
395 2616 478 2650 curem
492 2616 522 2649 er
537 2602 617 2650 animo
627 2600 771 2659 dimitteret:
803 2608 879 2649 temtu
889 2601 969 2650 nimie
981 2602 1170 2665 magnificentiae.

211 2681 251 2713 m,
268 2667 400 2722 ptumum,
418 2674 483 2723 eeu„
501 2664 551 2714 aive
569 2665 694 2730 panthera,
713 2682 771 2717 con.
836 2665 894 2714 205.
912 2667 971 2713 Cum
981 2669 1043 2713 stetit
1056 2670 1080 2713 in
1091 2682 1166 2721 scena,
1177 2666 1279 2715 simulac
1290 2682 1364 2717 scena

211 2728 266 2779 iura
283 2731 390 2789 cameio;
407 2728 526 2779 diversum
545 2744 561 2777 e
577 2730 700 2794 panthera,
716 2746 771 2796 pro·
804 2736 909 2839 apparet.
944 2730 1069 2779 Concurrit
1087 2733 1178 2779 dextera
1197 2733 1264 2787 leur,
1282 2733 1363 2781 statim

210 2794 262 2859 prie
285 2793 320 2843 sic
347 2794 422 2847 dictu,
448 2808 531 2857 genus,
557 2796 771 2855 Cumebpardalir;
803 2792 941 2857 panditur3
957 2794 1091 2859 eleganter!
1111 2810 1196 2842 manus
1214 2794 1288 2853 enim,
1306 2812 1362 2845 cum

211 2860 299 2919 (Varr.
310 2858 341 2907 L.
351 2858 385 2913 ir,
395 2860 437 2912 20,
450 2860 592 2907 Alexandria
600 2860 770 2921 conruperda-
803 2857 950 2921 plaudimus,
961 2866 1105 2906 concurntnt
1115 2866 1140 2907 et
1149 2858 1303 2907 colliduntur.

211 2924 240 2971 lia
257 2940 331 2985 napa
341 2926 451 2980 adducta,
463 2940 511 2986 pne
528 2932 578 2971 erut
585 2924 680 2987 figura,
692 2934 719 2971 at
730 2942 769 2973 ea·
834 2922 892 2970 206.
911 2923 978 2971 buu
993 2924 1068 2971 rdlrue
1082 2925 1189 2985 nliqru'dl
1205 2930 1261 2970 cett.
1279 2924 1361 2987 plebe·

209 2990 290 3043 netur,
311 2989 417 3045 sareulis,
439 2997 466 3035 ut
493 2989 622 3049 panthera:
643 2987 675 3035 cl.
703 2988 769 3037 Plin.
802 2985 1364 3052 culasciiicetplaudit,antequamloquicoepit

210 3052 244 3099 Η.
257 3053 292 3101 Ν.
309 3051 360 3109 viii,
373 3053 418 3115 te)
437 3049 487 3099 sire
505 3052 574 3099 albus
591 3050 689 3117 elephas
702 3053 769 3117 vulgi
801 3057 875 3104 actor,
896 3050 948 3099 solo
969 3052 1133 3115 pretiosarum,
1152 3066 1213 3115 ques
1232 3050 1273 3099 ille
1293 3054 1361 3115 gerit,

208 3116 290 3165 oculos
310 3116 342 3164 ad
361 3132 387 3165 aa
404 3124 513 3165 verteret.
546 3115 633 3165 Cicero
650 3117 668 3164 l.
689 3116 707 3164 l.
721 3116 768 3165 Er·
801 3114 902 3163 restium
913 3114 1028 3180 adspectu
1040 3130 1152 3180 percussa
1162 3124 1233 3179 atqua
1243 3117 1350 3181 abrepta.

209 3190 295 3231 tremas
311 3182 484 3243 elephanto-un
498 3183 546 3228 dier
553 3180 618 3244 fait,
630 3182 656 3227 in
667 3198 712 3243 que
724 3185 767 3229 ud·
833 3179 891 3226 207.
908 3178 975 3227 lanu
989 3179 1122 3235 Tarentino,
1136 3188 1192 3227 cett.
1212 3179 1285 3228 vestis
1304 3196 1361 3229 con·

208 3248 303 3293 miratio
312 3249 391 3309 magni
402 3246 469 3309 vulgi
480 3254 548 3308 utque
558 3246 638 3300 turba,
649 3246 769 3295 delectatio
800 3240 865 3291 tecta
880 3258 893 3291 e
912 3243 977 3300 lana,
989 3260 1044 3308 que
1055 3243 1151 3291 Tarenti
1163 3244 1238 3292 tinctu
1252 3252 1288 3293 est
1305 3262 1360 3309 pur·

210 3312 278 3356 nullu
289 3313 385 3357 restitit.
802 3322 868 3370 purte
876 3307 955 3355 colore
964 3308 1165 3372 prestantissima
1173 3308 1303 3357 violaceum
1314 3308 1361 3358 iera

243 3375 299 3432 197,
312 3375 368 3423 teu.
384 3372 501 3435 Spectant
510 3373 629 3435 populum,
639 3380 697 3420 cett.
718 3374 769 3423 De·
801 3370 851 3419 tire
862 3371 997 3419 ianthinum
1009 3372 1110 3421 colorem
1122 3372 1244 3421 referente.
1279 3373 1361 3437 Nepos

208 3438 321 3487 moeritus
353 3436 467 3485 attentius
497 3451 569 3501 quam
602 3436 667 3503 ipsos
700 3437 770 3485 ludos
799 3434 929 3483 Cornelius
945 3436 1008 3499 apud
1025 3436 1091 3484 Plin.
1103 3436 1136 3483 H.
1149 3436 1182 3483 N.
1195 3436 1228 3491 ix,
1241 3438 1281 3490 63,
1296 3438 1358 3485 Pur·

208 3510 326 3566 spectaret
344 3501 468 3566 populum,
486 3515 588 3566 stupore,
608 3516 656 3565 quo
674 3500 716 3551 ille
734 3502 768 3552 ta·
799 3514 883 3559 pteram
895 3499 1232 3547 Tarentinnmooeutrubrum.
1268 3501 1360 3556 blain-

208 3580 289 3614 tarum
310 3565 440 3614 bestiarum
460 3564 655 3630 contemplationi
676 3564 770 3615 inhiare
800 3566 961 3624 quitjrwene,
972 3565 1071 3611 violacea
1085 3580 1193 3625 purpura
1210 3567 1307 3627 vigebat,
1320 3582 1361 3614 ure

207 3630 277 3685 solet,
296 3630 375 3695 majus
395 3628 450 3683 sibi,
470 3644 543 3693 quant
564 3628 652 3677 mimus
670 3630 767 3695 aliquis,
800 3628 874 3675 merite
896 3637 944 3687 port
966 3630 1039 3675 rubra
1063 3628 1197 3675 Tarentina.
1247 3628 1360 3677 Venenum

207 3694 371 3759 spectaculum
381 3694 535 3759 prebentem.
801 3690 966 3755 (φάρμακον),
973 3691 1024 3755 jam
1035 3691 1065 3739 de
1077 3690 1258 3749 medicamento,
1268 3692 1318 3740 sire
1331 3693 1359 3741 li-

242 3761 298 3808 199.
326 3758 367 3808 nd
395 3757 544 3824 proverbium
568 3757 689 3814 Graecum,
716 3757 767 3822 ὄνῳ
798 3770 882 3819 quote,
894 3770 975 3811 succo,
986 3755 1052 3811 fuco,
1064 3770 1112 3819 quo
1128 3756 1190 3803 lame
1210 3756 1276 3803 color
1288 3756 1359 3805 indu-

207 3823 322 3887 rtce'lttye
333 3824 422 3885 μῦθον.
574 3827 578 3833 “
799 3818 879 3867 citur:
903 3819 973 3881 Virg.
997 3820 1058 3868 Geo.
1082 3819 1107 3873 ii,
1130 3822 1186 3877 405,
1209 3822 1269 3867 Alba
1291 3838 1360 3883 neque

239 3889 297 3944 200,
307 3890 365 3936 201.
382 3886 443 3935 Nom
452 3894 575 3949 remeet&
595 3887 697 3934 Sensus:
710 3898 766 3932 nem
799 3884 1001 3948 Astyriofieeutrtr
1013 3885 1068 3931 tana
1081 3900 1174 3931 ueneno:
1191 3883 1300 3933 similiter
1314 3902 1358 3939 tue·

206 3951 260 4015 quir
271 3952 354 3999 histrio
365 3951 400 3999 ita
411 3966 492 3999 rocem
510 3949 630 3999 intendere
642 3958 727 4023 potest,
740 3960 768 3997 ut
798 3950 876 3995 dicore
887 3949 1069 4011 (oappdcrerv)
1082 3964 1131 4012 pro,
1142 3946 1232 4012 tingere
1243 3964 1297 4014 sup.
1310 3949 1358 3997 Od.

205 4015 329 4079 pertineat
338 4015 421 4081 populi
432 4015 457 4062 in
468 4014 566 4063 theatris
581 4023 667 4061 nortus
678 4014 767 4061 tumul·
799 4010 834 4066 iii,
843 4015 867 4068 5,
877 4014 919 4070 27,
928 4012 1006 4075 Neque
1016 4016 1106 4060 emittm
1117 4014 1198 4061 colotes
1208 4012 1273 4060 luna
1286 4014 1358 4079 rryirt

207 4079 298 4128 tuantis
316 4080 438 4145 strepitum
456 4086 481 4127 et
499 4078 623 4134 clamores,
636 4078 660 4126 b.
672 4092 695 4125 a.
711 4078 767 4142 quis
799 4078 985 4141 medicetaj'uco.

206 4158 255 4207 prre
266 4144 362 4209 ingente
372 4142 398 4192 in
409 4143 506 4193 theatris
517 4140 707 4207 uostrisstrepitu
716 4142 764 4191 bit·
830 4142 970 4189 soe-21³.
999 4142 1033 4188 Ae
1059 4157 1087 4187 ne
1107 4140 1174 4207 sorte
1199 4150 1274 4203 putes,
1302 4148 1358 4190 cett.

205 4208 309 4256 trionum
321 4210 393 4258 rerba
403 4208 501 4256 auribus
511 4206 632 4272 percipere
642 4209 733 4272 potesti
798 4206 871 4253 Hunc
880 4205 971 4261 locum,
981 4203 1056 4253 veriet
1067 4204 1219 4270 interpretum
1229 4205 1359 4253 sententias

238 4274 297 4321 202.
314 4274 452 4337 Gorgonum
463 4275 553 4334 mugire
561 4281 636 4333 petes.
670 4270 765 4335 Garga·
797 4277 929 4333 expertum,
942 4269 976 4317 itu
990 4268 1144 4342 interpretor:
1163 4268 1358 4334 Neiorteputes,

205 4353 258 4391 nar,
270 4352 339 4385 mons
352 4336 448 4402 Apulie
465 4336 576 4391 silvosus,
586 4334 629 4383 ubi
642 4343 766 4384 ventorum
799 4332 918 4397 Augusta,
926 4349 964 4381 me
976 4336 1024 4380 non
1036 4346 1087 4381 erne
1098 4332 1189 4381 invidia
1200 4332 1281 4395 aliqua
1289 4348 1359 4396 parca

206 4398 315 4449 fremitus
328 4410 353 4449 et
370 4402 479 4449 arbonun
496 4398 582 4448 stridor
592 4407 630 4447 ert
639 4399 766 4448 vehemen·
799 4398 933 4461 (maligna)
945 4396 1042 4445 laudere
1061 4406 1142 4460 poetar
1159 4396 1263 4445 comicos
1275 4408 1299 4445 et
1310 4407 1357 4444 tra·

207 4464 268 4523 tior,
285 4464 341 4513 binc
357 4481 412 4531 sup.
429 4464 478 4513 Od.
494 4463 521 4520 ii,
537 4466 563 4521 9,
581 4465 605 4519 8,
617 4464 769 4526 Aquilonibus
799 4460 873 4525 gicos,
891 4460 951 4525 quia
968 4474 1016 4508 non
1035 4460 1112 4509 iacere
1132 4476 1230 4535 possum
1249 4462 1358 4520 (rerunt)

208 4530 321 4582 Querceta
331 4528 439 4593 Gargani
450 4530 565 4576 laborant.
800 4524 864 4589 quod
881 4526 923 4573 alii
941 4532 1002 4574 recta
1018 4523 1116 4581 iaciunt,
1129 4540 1179 4589 Jam
1198 4524 1276 4571 dicam
1294 4524 1358 4587 quat

239 4593 297 4643 200.
314 4594 390 4649 Artes,
401 4608 436 4641 sc.
446 4591 587 4640 histrionum
599 4590 767 4647 etmimorum,
800 4589 896 4639 tentio:
926 4589 968 4638 ille
995 4596 1073 4653 poeta,
1099 4590 1142 4653 qui
1168 4596 1252 4653 pectus
1280 4604 1358 4635 meum

224 4656 701 4771 ”irlmtitt‘liitt‘b‘litt'
718 4655 768 4770 322·
802 4652 1357 4784 {itlttl*tltttttdttttitbtt

294 4754 302 4769 ο
420 4756 427 4771 .
524 4755 532 4778 ‚
583 4755 590 4776 ,
683 4740 718 4785 χν
761 4739 770 4767 l
955 4735 963 4781 j
1351 4750 1359 4773 r

761 4784 824 4833 212
