3659 5892
437 488 503 553 ate
854 488 1180 557 SATIRARUM

460 642 505 707 60
526 642 639 715 Quum
653 666 758 729 genus
772 643 836 707 boc
852 644 1028 709 interritae
1042 654 1202 722 versetur,
1214 645 1275 709 ubi
1287 646 1375 711 acris

526 744 655 810 Invidia
666 756 765 829 atque
780 746 892 829 vigent
905 746 964 809 ubi
977 747 1129 811 cdmiw
1151 769 1214 831 pro
1227 748 1314 813 bene
1328 770 1412 814 uno

529 846 582 913 Ac
597 870 663 914 non
677 848 820 925 meanto,
836 846 951 913 fictum
962 858 1173 932 atriumque
1182 870 1348 913 ammos.

529 948 714 1033 Simplicior
728 950 802 1033 quis
815 960 850 1014 et
862 960 927 1025 est,
942 949 1071 1034 qualem
1083 972 1136 1015 me
1149 973 1238 1035 saepe
1251 949 1395 1017 bbenter

531 1050 719 1116 Obtulerim
734 1052 806 1127 tibi,
821 1050 1000 1128 Maecenas,
1014 1062 1053 1115 ut
1066 1051 1151 1117 forte
1164 1052 1328 1137 legentem

466 1153 510 1220 65
530 1152 602 1217 Aut
618 1154 751 1218 tacitum
765 1151 911 1237 impellet
924 1152 1040 1235 quovis
1054 1175 1203 1218 sermone
1215 1153 1392 1220 molestam:

530 1254 701 1320 Communi
717 1276 815 1319 sensu
828 1252 925 1337 plane
937 1265 1041 1331 caret,
1054 1255 1232 1338 inquimus.
1276 1255 1395 1321 Eheu!

532 1356 641 1431 Quam
657 1366 778 1421 temere
792 1357 826 1419 in
840 1364 971 1421 nosmet
983 1354 1089 1440 legem
1104 1356 1266 1421 sancimus
1280 1357 1446 1441 iniquam!

531 1457 621 1523 Nam
635 1460 723 1525 vitiis
737 1479 832 1524 nemo
847 1458 917 1522 sine
931 1458 1095 1536 nascitur3
1117 1460 1261 1543 optimus
1273 1458 1329 1523 ille
1342 1472 1407 1539 est,

533 1561 602 1636 Qui
613 1561 752 1625 minimis
766 1569 913 1644 urgetur.
959 1558 1096 1626 Amicus
1109 1560 1228 1638 dulcis,
1241 1572 1281 1624 ut
1293 1584 1426 1646 aequinn
1439 1576 1504 1642 cst,

469 1662 490 1728 7
491 1664 514 1727 0
535 1663 620 1728 Cum
633 1684 706 1727 mea
720 1660 910 1747 com'penset
923 1662 1010 1726 vitiis
1023 1663 1123 1739 bona,
1136 1660 1287 1746 pluribus
1300 1662 1406 1743 hisce,

534 1765 571 1829 Si
586 1764 685 1831 modo
699 1764 795 1850 plura
809 1762 888 1827 mihi
902 1764 990 1827 bons
1002 1774 1090 1840 sunt,
1105 1762 1250 1828 inclinet.
1294 1762 1411 1830 Amari

536 1866 573 1931 si
588 1866 675 1933 volet
689 1865 751 1931 hac
765 1865 850 1951 lege,
865 1866 899 1928 in
913 1865 1038 1928 trutina
1050 1876 1192 1949 ponetur
1205 1865 1331 1931 eadem.

535 1967 615 2046 Qui,
630 1990 672 2034 ne
687 1969 859 2034 tuberibus
874 1967 1016 2052 propriis
1031 1966 1178 2031 offendat
1190 1968 1340 2045 amicum,

537 2068 699 2149 Postulat,
715 2071 862 2155 ignoscet
876 2068 1022 2133 verrucis
1034 2067 1140 2133 illius:
1161 2090 1292 2152 [equum
1306 2080 1369 2146 est,

471 2172 514 2237 75
536 2170 686 2237 Peccatis
701 2172 827 2235 veniam
841 2179 1031 2256 poscentem
1045 2168 1185 2235 reddere
1199 2192 1325 2235 rursus.

536 2273 705 2357 Denique,
721 2282 882 2357 quatenus
896 2272 1006 2337 excidi
1020 2272 1151 2355 penitus
1165 2273 1279 2337 vitium
1292 2274 1362 2350 iroe,

538 2376 658 2443 Cetera
672 2378 750 2442 item
764 2384 932 2460 nequeunt
946 2373 1054 2437 stultis
1069 2372 1245 2453 hoerentia3
1270 2394 1330 2439 cur
1343 2397 1409 2439 non

538 2477 747 2543 Ponderibus
762 2477 967 2560 modulisque
979 2476 1047 2539 suis
1061 2476 1146 2541 ratio
1160 2478 1273 2554 utitur,
1288 2499 1339 2554 ac,
1354 2500 1409 2543 res

451 2613 482 2663 da
499 2613 569 2661 Orat.
584 2610 611 2671 ii,
625 2612 666 2668 4³.
680 2628 750 2676 capus
763 2615 849 2669 moia,
865 2628 916 2677 que
930 2614 1012 2674 probo·
1044 2609 1110 2661 tione
1134 2610 1290 2678 acciperetur.
1330 2615 1426 2662 Anisus
1449 2614 1536 2671 dulcis,
1556 2633 1613 2665 esst

451 2694 513 2735 rom,
529 2679 685 2734 docrinarum,
700 2694 745 2726 nota
762 2680 861 2735 acrium,
875 2694 923 2726 nott
938 2678 1012 2739 perti·
1045 2674 1142 2740 (dunt).
1153 2686 1181 2724 ut
1190 2694 1280 2739 quun
1288 2686 1330 2736 cst,
1341 2694 1392 2725 neo
1407 2680 1466 2726 boso
1480 2691 1613 2742 conpensat

453 2745 554 2799 nntium,
572 2758 617 2789 oon
637 2743 799 2807 litigiosorum,
817 2758 863 2789 noo
880 2743 1014 2789 mortoru-
1045 2742 1110 2789 citiis
1131 2742 1240 2802 (invetas
1260 2740 1383 2791 locatim
1405 2758 1457 2808 pro,
1474 2757 1532 2791 cuns
1552 2744 1615 2793 vitia

451 2817 515 2863 sunt,
527 2807 594 2855 oolds
609 2808 785 2855 betuooleutiom
799 2806 934 2855 conciliant.
965 2804 1015 2852 Hic
1046 2819 1100 2853 mes
1115 2813 1254 2879 compensat
1267 2806 1362 2868 bonis),
1371 2808 1480 2869 pluribus
1495 2809 1557 2856 laites
1571 2812 1612 2857 its·

445 2872 527 2937 sugit,
540 2870 603 2921 alius
618 2870 687 2934 fugit,
700 2879 756 2920 cett.
769 2872 874 2933 nullique
884 2870 945 2919 malo
954 2870 1016 2917 istut
1047 2870 1400 2985 cliomammffliootinimmn
1410 2871 1442 2920 sd
1450 2871 1614 2936 plorationes

453 2938 516 2984 obdit
527 2946 643 2998 opertum,
654 2935 765 3000 nullique
779 2935 843 2983 malo
857 2931 1017 2983 sibinoeeudi
1048 2932 1187 2998 (bona),si
1295 2934 1367 3002 plura
1384 2936 1449 2984 bons
1465 2935 1526 2983 mibi
1543 2946 1614 2994 snut,

453 2998 604 3049 occasionem
619 3000 723 3065 prebet,
739 2999 881 3049 transiemus
895 3014 911 3047 a
924 3013 951 3047 rc
963 2996 1016 3061 gla-
1049 2997 1163 3049 stlrestat.
1194 3001 1287 3055 Amori,
1303 3002 1330 3048 st
1345 3001 1405 3048 oolst
1423 3002 1468 3047 tac
1485 3002 1548 3064 lege.-
1567 3017 1614 3066 pro

454 3062 563 3120 diatoria,
582 3062 603 3111 si
623 3062 739 3138 gladiator
758 3062 901 3119 adveneris,
917 3070 946 3111 ut
961 3060 1017 3126 ejus
1048 3068 1123 3111 amri
1149 3063 1280 3127 legendum
1305 3064 1404 3114 omnino
1430 3064 1492 3113 mibi
1516 3064 1616 3115 videtur

454 3126 516 3176 ictus
528 3136 552 3177 et
563 3128 690 3193 petitiones
697 3126 788 3185 eludat,
801 3129 865 3176 latus
877 3138 962 3176 tectum
971 3141 1016 3191 op-
1047 3145 1134 3185 anon,
1148 3138 1176 3177 ut
1189 3129 1230 3187 sit,
1239 3131 1261 3175 si
1274 3130 1333 3177 notet
1347 3130 1391 3177 loc
1405 3131 1455 3193 legs
1469 3144 1509 3177 ne
1520 3148 1615 3187 amru,

454 3189 532 3259 ponit.
566 3192 681 3251 Crimina,
692 3192 880 3241 criminationes.
1049 3190 1615 3255 adeandemlegemricissimamssnsbitur.

488 3257 596 3307 its-66.
616 3256 755 3320 Simplicior,
774 3265 833 3307 cett.
850 3256 942 3320 siquis
957 3255 1016 3305 sim-
1049 3254 1080 3302 lo
1099 3260 1201 3315 (παίω,
1219 3264 1317 3313 statua,
1335 3258 1451 3306 translata
1468 3258 1501 3307 de
1517 3274 1614 3316 norma,

455 3320 541 3387 plicior
551 3330 576 3371 et
588 3321 642 3371 talis
652 3330 696 3380 ott,
726 3322 805 3371 oaleru
816 3336 853 3370 me
864 3335 929 3386 sepe
938 3321 1017 3371 liben-
1049 3318 1088 3368 vel
1101 3321 1201 3379 ratione,
1213 3319 1328 3386 adquam
1343 3337 1382 3371 res
1397 3320 1480 3387 aliqua
1493 3322 1616 3387 pondera·

456 3395 492 3435 ter
507 3384 552 3434 tibi
568 3386 704 3443 obtulerim,
746 3385 893 3443 messeniis
909 3384 1017 3449 quidem,
1048 3392 1102 3431 tur:
1126 3384 1614 3449 Cic.de0rat.ii,38,odooprobosdo,

455 3458 484 3499 ut
496 3448 627 3515 simplicior
638 3449 688 3508 ille,
699 3454 776 3515 quovit
790 3466 890 3500 immons
904 3452 1018 3505 molestus,
1048 3466 1098 3511 quc
1108 3464 1155 3497 noo
1165 3451 1270 3515 sufficis
1278 3453 1419 3506 stomoed
1427 3455 1527 3515 mssa
1536 3469 1614 3515 popu.

456 3522 500 3563 aut
527 3525 576 3563 orte
593 3516 701 3579 legentem
718 3523 762 3563 aut
778 3514 1018 3577 tacitum(rncditsn·
1050 3514 1098 3561 tan·
1114 3517 1207 3561 trutino
1220 3514 1553 3580 (somniiqumoqum
1568 3533 1615 3582 po-

455 3588 504 3631 tem
530 3580 634 3643 impellat
644 3579 712 3644 (ejus
723 3580 830 3628 animum
840 3578 1020 3643 impellendoet
1051 3577 1170 3643 pulusres
1180 3578 1310 3644 ponderat)
1320 3584 1492 3629 amisarius.

456 3643 486 3691 ad
501 3660 527 3693 se
543 3642 688 3693 advertendo
698 3643 800 3705 turbet),
811 3642 891 3692 dicere
904 3642 1018 3699 solemus,
1083 3642 1190 3693 76-79.
1205 3643 1616 3710 Quatenus,qusndoquidem,quo·

455 3708 507 3757 En!
526 3708 944 3758 istehoroosensucommunicaret.
958 3708 1019 3757 Sim·
1051 3705 1126 3763 niam,
1136 3716 1165 3755 nt
1180 3723 1234 3773 sup.
1246 3708 1298 3757 Sat.
1307 3708 1325 3766 i,
1338 3711 1362 3765 l,
1372 3711 1414 3758 64.
1447 3709 1531 3757 discidi
1596 3714 1617 3750 ’-

452 3774 539 3833 plicior
551 3771 653 3822 reiorad
667 3788 760 3822 morum
775 3770 1021 3837 simplicitatemque
1052 3780 1098 3827 tus,
1115 3772 1230 3821 radicitus
1246 3773 1380 3838 exstirpati.
1412 3773 1495 3823 Sebol.
1511 3774 1616 3841 Porpb„

455 3836 509 3900 quis
525 3852 563 3893 ea,
579 3852 635 3901 que
652 3838 695 3885 alii
713 3836 744 3885 ad
761 3836 860 3903 gratiam
876 3850 906 3885 ca
923 3836 1020 3885 tandum
1053 3836 1117 3883 Hinc
1136 3836 1235 3902 (poeta)
1252 3840 1379 3899 paullatim
1396 3854 1422 3887 oo
1441 3841 1566 3895 dausdit,
1584 3851 1616 3889 ut

455 3900 561 3975 studiose
577 3910 706 3975 Quotus,
723 3916 772 3951 non
789 3908 866 3951 curat.
921 3903 1019 3957 ibenter,
1051 3902 1159 3949 adventu
1174 3902 1259 3951 Stoicos
1272 3904 1383 3964 disputet,
1395 3906 1437 3965 qui
1452 3906 1546 3961 dicuat,
1559 3920 1615 3967 pec·

455 3981 535 4079 mlii?
547 3966 734 4088 llblbtbetlllire,
754 4038 810 4078 cett.
845 4030 928 4104 Quum
948 4029 1022 4103 stulta
1051 3969 1616 4095 “peldtdddtliapblcmocsalitrslbnlqll‘slditdtlbmltt

454 4094 553 4145 cstbaec
566 4094 681 4143 nostruin
694 4093 804 4144 notandis
815 4109 946 4143 amicorum
957 4094 1023 4143 riuis
1052 4095 1080 4140 iu
1101 4111 1147 4156 quo
1167 4104 1284 4157 peecatum
1307 4105 1349 4144 est.
1384 4097 1470 4145 Stuitis
1492 4098 1615 4157 mmsis,

454 4158 586 4217 severitas3
603 4158 690 4224 quodsi
705 4157 769 4209 enim
786 4173 868 4208 severs
881 4157 911 4207 de
928 4159 1020 4207 amico·
1054 4156 1128 4206 Stoici
1136 4160 1291 4224 appellebant
1298 4176 1382 4209 omnes
1389 4162 1470 4209 stultos
1479 4169 1504 4209 at
1513 4165 1617 4219 insanos,

454 4240 508 4273 rum
517 4222 582 4272 vitiis
598 4223 745 4295 judicamus,
757 4222 865 4272 vicissim
882 4232 908 4272 et
924 4222 974 4271 illis
991 4222 1022 4272 ds
1053 4222 1105 4285 qui,
1116 4238 1189 4287 quam
1204 4224 1241 4272 illi
1255 4224 1467 4280 concionabantur,
1483 4241 1532 4274 non
1546 4242 1616 4275 eaer-

456 4287 544 4337 nostris
554 4287 619 4337 vitiis
629 4304 710 4339 serere
719 4286 829 4354 judicate
841 4286 934 4336 licebit.
1053 4301 1108 4336 cere
1117 4296 1215 4353 possent
1224 4287 1376 4354 sapientiam.
1400 4289 1452 4337 Cur
1462 4307 1508 4337 noo
1523 4290 1617 4339 Ponde-

487 4354 520 4403 70
529 4369 558 4418 sq
576 4353 651 4401 .Cum
664 4370 712 4401 msa
724 4362 857 4415 compenset,
868 4360 927 4401 cett.
936 4351 967 4399 ad
975 4351 1020 4416 by·
1052 4353 1117 4399 ribus
1128 4355 1269 4416 modulisque
1278 4356 1327 4401 suis
1339 4355 1401 4402 ratio
1410 4356 1499 4407 mitur,
1510 4369 1555 4403 cur
1566 4370 1617 4404 non

453 4418 553 4488 perbata
558 4370 628 4467 liuns
641 4418 721 4467 locum
732 4415 846 4474 referunt,
857 4422 890 4471 et,
900 4426 1020 4481 preeunte
1051 4418 1113 4464 ratio
1119 4416 1259 4481 (judicandi
1267 4417 1550 4484 facultas,pbilosopbia)
1557 4419 1618 4468 ritis

453 4492 533 4531 vetere
545 4482 688 4541 Scholiasta,
697 4482 813 4547 jungunt,
826 4482 883 4529 bonu
899 4498 948 4529 tneo
958 4499 1018 4530 com·
1051 4480 1188 4530 adsertam
1205 4496 1313 4531 normam
1329 4481 1432 4531 utimat
1446 4490 1472 4531 et
1486 4482 1617 4547 dijudicat,

452 4556 529 4609 peotes
541 4564 593 4597 cum
604 4549 683 4607 vitiit,·
700 4544 743 4596 ssd
758 4561 788 4595 er
802 4561 856 4595 meo
872 4558 944 4594 sensu
959 4562 1018 4595 coo·
1050 4554 1075 4593 et
1091 4544 1126 4595 sic
1146 4545 1235 4594 leviora
1253 4545 1311 4593 vitia
1328 4562 1343 4593 a
1362 4545 1512 4609 gravioribus
1529 4546 1618 4597 distin·

452 4611 1018 4678 c
1051 4628 1402 4741 ..
1418 4609 1620 4727 nimi.

457 4734 462 4747 ι
729 4712 736 4735 Ι
