3659 5892
926 510 1226 578 CARMlNUM

887 851 1095 917 CARMEN
1121 850 1274 917 XXXV.

919 1085 977 1133 AD
999 1081 1244 1132 fonTUNAM.

675 1279 708 1344 Ο
725 1278 829 1355 Divi,
846 1289 976 1363 gratum
990 1299 1065 1361 quae
1081 1275 1168 1359 regis
1183 1272 1331 1351 Antimn,

677 1381 829 1445 Praesens
845 1378 896 1443 vel
911 1380 975 1442 imo
990 1377 1102 1442 tollere
1116 1377 1158 1441 de
1173 1376 1279 1461 gradu

719 1482 861 1547 Mortale
877 1503 1007 1566 corpus,
1024 1479 1074 1544 vel
1089 1479 1249 1564 superbos

759 1584 900 1649 Vertere
914 1582 1084 1646 funeribus
1099 1579 1301 1665 triumphos;

620 1688 641 1751 5
675 1686 727 1751 Te
742 1709 869 1771 pauper
884 1686 986 1749 ambit
1002 1683 1139 1749 sollicita
1153 1705 1252 1769 prece

675 1788 778 1853 Ruris
793 1788 944 1865 colonus;
968 1798 1001 1851 te
1017 1785 1179 1849 dominam
1193 1785 1346 1869 aequoris,

721 1890 919 1973 Quicunque
936 1888 1081 1973 Bithyna
1095 1887 1226 1951 lacessit

761 1991 974 2075 Carpathium
989 1990 1125 2075 pelagus
1141 1990 1262 2054 carina.

502 2159 554 2191 rum
569 2142 696 2207 agitatione
709 2158 804 2207 gravem
816 2142 938 2191 stridorem
951 2141 1059 2191 edentis:
1093 2142 1175 2206 Cypro
1195 2140 1325 2203 gaudebat,
1348 2140 1450 2196 cultum,
1473 2154 1529 2205 sup.
1551 2139 1568 2196 i,
1588 2140 1615 2197 3,
1640 2142 1666 2195 1,

501 2208 532 2257 de
549 2208 663 2263 Fortuna,
674 2210 717 2256 deo
732 2210 806 2262 aloto,
816 2206 865 2254 vid.
882 2208 1018 2257 Commeat.
1031 2205 1062 2255 de
1091 2216 1170 2267 potens
1185 2204 1303 2270 Cyprifiet
1314 2204 1331 2261 i,
1344 2206 1386 2262 30,
1400 2206 1423 2260 l,
1435 2207 1519 2268 regino
1529 2204 1607 2253 Garat
1621 2219 1664 2316 ap-

501 2274 572 2320 alatis
582 2274 731 2335 imaginibus,
759 2272 819 2319 .30.
852 2272 952 2319 Sustulit
964 2270 1061 2336 (ciopirr=
1093 2270 1204 2335 pellatur,
1217 2271 1251 2317 ita
1270 2270 1386 2327 Fnrtssno,
1398 2269 1469 2317 Antii
1483 2268 1593 2333 inprimis
1608 2270 1665 2318 rei-

502 2337 574 2397 τως).
597 2336 688 2385 aulerre
712 2288 793 2395 solet3
819 2338 918 2398 posuisse
943 2350 994 2401 pro,
1016 2335 1061 2383 im·
1111 2334 1227 2383 'osissima
1249 2334 1323 2388 culta,
1344 2335 1443 2381 Antium
1464 2350 1546 2396 rogero
1566 2332 1666 2383 dicitur.

501 2416 616 2466 posuisse.
1115 2398 1152 2473 uit
1161 2408 1243 2447 autem
1252 2401 1350 2473 ilntr'nni
1359 2399 1517 2471 (nascituro
1526 2397 1665 2451 Rovinatot

641 2528 794 2578 cxxxix
812 2528 923 2577 xxxv.
1091 2463 1667 2577 ttttltlmtttmtrtttat‘ittf‘ttt

535 2596 659 2667 Quantum
674 2608 713 2641 ars
724 2602 749 2641 et
758 2592 974 2666 ingeniumlmagni
985 2600 1062 2657 poeta
1095 2592 1161 2641 Phil.
1173 2608 1188 2641 a
1199 2594 1275 2641 Turre
1292 2563 1455 2666 Mobqinenta
1469 2599 1518 2641 vet.
1528 2591 1591 2641 Ant.
1603 2609 1628 2641 c
1640 2596 1665 2641 i.

502 2658 526 2707 in
549 2658 658 2734 simplice
683 2657 765 2722 aliqua
787 2664 909 2731 sententia¹
925 2656 1063 2732 exornandp
1095 2658 1206 2731 Pressas,
1233 2672 1289 2721 qum
1315 2665 1397 2731 statim
1425 2666 1512 2732 potes3
1539 2658 1577 2705 dii
1604 2675 1664 2732 prf-

501 2723 588 2779 valen,
600 2722 626 2771 id
636 2738 666 2770 cx
676 2722 721 2771 hoc
736 2730 761 2770 et
771 2720 828 2769 huic
840 2720 958 2769 similibus
969 2722 1063 2770 Horatii
1093 2732 1165 2770 sentos
1180 2721 1304 2779 dicuntur,
1318 2737 1361 2833 qui
1375 2730 1502 2787 prasentia
1519 2736 1567 2769 sua
1581 2728 1665 2771 statim

501 2788 646 2836 carminibus
659 2786 749 2852 optime
762 2784 863 2851 intelligi
875 2794 962 2851 potest.
994 2787 1061 2835 Con·
1093 2784 1224 2851 potentiam
1239 2802 1308 2833 suam
1335 2786 1451 2843 eclarant,
1464 2794 1590 2851 potentes:
1608 2802 1666 2852 pas·

501 2852 629 2917 scripserat
643 2852 768 2915 Augustus
781 2852 814 2900 U.
827 2851 857 2899 C.
870 2866 985 2900 nccxxrr
1001 2850 1063 2899 duos
1094 2851 1141 2899 sini
1149 2866 1253 2915 quoque,
1262 2850 1305 2915 qui
1312 2866 1427 2915 presens,
1438 2850 1463 2898 b.
1472 2851 1665 2910 e-celerrimum

501 2916 620 2965 exercitus
630 2932 659 2965 eo
669 2914 778 2971 consilio,
790 2924 819 2963 nt
828 2916 928 2964 alterum
942 2914 994 2979 ipse
1004 2930 1062 2964 con·
1095 2914 1214 2964 auxilinm
1237 2915 1325 2963 ferunt.
1364 2914 1412 2962 lino
1434 2916 1515 2965 tollere
1535 2917 1565 2963 de
1583 2919 1666 2980 gradu

501 2989 538 3029 trs
549 2981 678 3029 Britannos
688 2979 795 3036 duceret,
806 2980 906 3028 alterum
922 2978 984 3028 duce
996 2979 1064 3028 AElio
1097 2982 1198 3028 Mortale
1207 2996 1296 3041 eorpus,
1308 2979 1333 3027 h.
1341 2994 1364 3027 e.
1373 2980 1485 3028 mortales
1496 2994 1526 3027 ex
1537 2979 1623 3029 infimo
1635 2981 1666 3029 ad

503 3046 577 3093 Gallo
604 3045 629 3093 iii
655 3043 770 3094 Arabiam
797 3044 909 3093 mitteret.
949 3044 1065 3092 Horatius
1095 3060 1215 3093 summum
1226 3042 1326 3107 gradum
1338 3044 1461 3093 extollere.
1484 3044 1598 3106 Superbos
1609 3047 1666 3093 Ver·

502 3108 583 3182 igitur,
594 3109 645 3173 jain
656 3124 737 3176 preces
748 3108 773 3157 in
784 3108 829 3157 hoc
840 3110 944 3157 carmine
955 3123 997 3173 pro
1008 3107 1061 3157 leli·
1094 3109 1276 3173 terejirnoribirs
1290 3109 1431 3170 triumphos:
1447 3107 1601 3173 splendidam
1613 3109 1664 3158 ric-

501 3174 598 3222 cissimo
609 3174 735 3237 utriusque
745 3172 903 3237 expeditionis
914 3182 1001 3221 eventu
1013 3173 1062 3221 lac-
1094 3172 1179 3222 toriam
1200 3180 1293 3221 mutare
1314 3172 1340 3220 in
1361 3169 1466 3221 cladem.
1498 3172 1540 3222 Cl.
1561 3174 1666 3225 Mitsch.

502 3246 579 3295 turus,
601 3239 721 3302 vulgarem
738 3236 887 3294 sententiam,
909 3240 929 3285 0
948 3237 1063 3295 Fortuna,
1095 3236 1215 3303 explicat:
1233 3244 1368 3301 “pompam
1376 3236 1546 3304 triumphalem
1558 3237 1664 3288 inlune-

501 3319 567 3351 srrvo
579 3303 688 3377 Castorem
699 3319 751 3350 crim
760 3304 861 3376 cretatis
871 3312 952 3350 contro
964 3300 1064 3350 Briton-
1096 3302 1162 3351 brem
1173 3310 1274 3359 motare,
1282 3310 1310 3348 ut
1320 3317 1361 3367 pro
1369 3300 1500 3376 triumpho,
1508 3302 1667 3387 quempictor

501 3368 1064 3493 tttttttt'btttt“grtt'tttttt
1096 3365 1666 3496 'iffil‘lilil'xilbl‘liillomll

501 3505 674 3553 corruertontsir,
701 3496 811 3543 Fortuna
839 3494 968 3559 potentiam
999 3494 1063 3545 cele·
1095 3447 1172 3546 duct.
1189 3495 1290 3545 consol.
1306 3495 1337 3543 ad
1358 3494 1413 3543 Lir.
1430 3497 1472 3543 27.
1506 3496 1555 3544 Sed
1572 3507 1666 3562 quanto

502 3559 594 3609 brando
611 3561 644 3609 ita
659 3559 820 3625 amplificavit.
834 3566 862 3608 ut
877 3574 973 3607 carmen
989 3558 1066 3609 exiret
1095 3560 1172 3625 major
1187 3567 1211 3609 st
1225 3558 1343 3625 potentior
1353 3574 1384 3624 ap
1416 3569 1453 3608 ret
1469 3560 1578 3609 Fortuna
1588 3562 1666 3611 ricto·

503 3624 730 3690 splendidissimum.
774 3622 799 3671 Si
830 3624 886 3688 quis
917 3622 1063 3687 cogitaverit,
1095 3624 1154 3672 riam
1163 3624 1189 3673 in
1197 3624 1291 3673 cladem
1299 3632 1382 3672 mutan
1399 3639 1423 3681 o,
1432 3640 1507 3689 quain
1515 3625 1665 3695 triumphum

502 3706 575 3754 quam
592 3704 655 3755 sape
671 3688 728 3739 felix
744 3688 861 3737 bellorum
877 3687 958 3736 exitus
972 3702 988 3735 a
1004 3688 1063 3735 For·
1094 3688 1266 3755 triumphantis
1276 3699 1351 3737 morte
1361 3688 1521 3738 funestando!

502 3763 569 3802 tunae
580 3754 658 3803 lavore
669 3762 693 3803 st
705 3752 800 3801 arbitrio
812 3750 923 3818 pendeat,
932 3751 962 3808 is,
969 3760 1064 3818 poetam
1129 3756 1201 3803 5-8.
1211 3754 1423 3816 Teponpsromtit,
1430 3762 1487 3803 cett.
1494 3769 1586 3803 numen
1594 3763 1663 3805 tuam

503 3818 528 3867 iii
541 3817 708 3867 coacervandis
717 3833 817 3866 summae
832 3816 905 3882 hujus
917 3815 969 3865 dea
980 3825 1064 3881 poten·
1096 3832 1179 3866 omnes
1195 3818 1312 3873 homines,
1324 3824 1348 3866 et
1360 3833 1478 3884 pauperes
1493 3828 1519 3867 et
1532 3819 1629 3877 divites,
1640 3832 1666 3870 et

504 3883 543 3932 tia
561 3882 705 3945 imaginibus
721 3890 769 3930 tam
783 3881 885 3929 multum
900 3889 927 3929 et
941 3883 1065 3947 copiosum
1095 3883 1177 3947 populi
1185 3882 1288 3937 barbeii,
1296 3890 1321 3932 et
1328 3898 1379 3938 nos,
1387 3892 1412 3931 et
1418 3882 1666 3947 synonironersnnr

503 3947 585 4003 luisse,
599 3946 716 3996 nonedso
727 3946 858 3994 mirabitur.
877 3945 1065 4019 Optima'autem
1095 3955 1307 4021 atquemetuunt..
1332 3948 1420 4004 Ambit,
1431 3963 1488 3997 cuni
1499 3947 1596 3998 delectu
1629 3966 1664 4007 ro,

503 4013 577 4062 totius
594 4012 667 4077 hujus
684 4010 796 4059 carminis
814 4010 884 4059 finam
902 4018 936 4058 ita
952 4010 1066 4059 constitui
1096 4012 1163 4071 adit3
1183 4012 1256 4060 habet
1272 4010 1336 4060 enirn
1358 4012 1479 4061 notionem
1500 4028 1588 4062 reiecti
1625 4014 1633 4023 ‘
1656 4050 1665 4065 .

503 4092 572 4143 posse
591 4088 657 4141 puto,
676 4075 697 4123 si
715 4074 776 4123 illud
797 4072 884 4123 dixeris
905 4076 1015 4137 hymnam
1036 4077 1063 4124 in
1094 4076 1208 4132 Sollicito,
1219 4091 1292 4141 qnam
1307 4076 1411 4124 sollicito
1425 4084 1521 4141 pectore
1535 4093 1579 4142 pro
1594 4094 1664 4145 agro-

503 4142 640 4199 Forinnom,
659 4156 724 4203 quens
744 4142 775 4188 od
796 4140 866 4203 lnijin
886 4141 932 4187 doe
945 4140 1063 4204 sonorem,
1095 4155 1255 4189 rumsuorum
1267 4140 1589 4191 incolumitatelunditruris
1596 4144 1663 4193 colo-

503 4208 609 4271 Augusto
624 4215 704 4255 contro
721 4203 847 4252 Britannos
860 4203 994 4269 prspictiiro
1009 4220 1063 4251 cori·
1095 4220 1152 4253 nus.
1180 4206 1303 4253 Dominam
1313 4206 1463 4267 equorissin
1472 4207 1663 4257 Fortuaaeenim

501 4271 901 4332 sitiendam,piamentecscinsrit.
935 4268 975 4317 Sic
991 4282 1061 4331 argu·
1094 4278 1210 4335 potestate
1227 4269 1299 4335 positi
1314 4276 1372 4317 sunt
1391 4284 1471 4327 casus,
1488 4271 1578 4335 quibus
1595 4272 1663 4321 nari-

502 4336 550 4392 ti'is,
568 4334 657 4410 quibus
675 4340 803 4383 onerarunt
818 4333 863 4382 hoc
883 4347 980 4382 eumen
1001 4348 1062 4380 non·
1095 4342 1179 4398 gantas
1196 4333 1221 4382 in
1235 4334 1294 4381 mari
1308 4350 1334 4383 so
1349 4342 1487 4399 exponunt3
1505 4335 1664 4389 CLMitscli.

502 4400 563 4450 nulli
581 4406 729 4465 interpretes,
749 4397 819 4446 facile
837 4396 990 4463 supersedere
1007 4412 1063 4462 pos·
1095 4414 1144 4447 iam
1162 4400 1224 4448 bene
1240 4398 1346 4446 illustrat
1361 4398 1415 4448 loco
1436 4399 1509 4447 Pind.
1524 4399 1568 4448 01.
1587 4400 1629 4459 rii,
1646 4404 1663 4451 3

500 4480 593 4514 sumus.
1095 4478 1151 4528 sqq.
1185 4462 1331 4527 Respexisse
1344 4471 1426 4511 sutem
1442 4474 1513 4529 poeta
1526 4463 1623 4514 ridetur
1637 4465 1663 4515 iii

536 4532 608 4579 1-4.
625 4530 727 4577 Gratum
742 4543 791 4589 qne
807 4529 868 4591 regis
885 4526 992 4584 Antinoi,
1004 4526 1028 4575 b.
1040 4542 1063 4575 s.
1095 4526 1141 4577 hoc
1156 4527 1233 4583 cultu,
1245 4543 1261 4575 a
1271 4527 1332 4576 ruiis
1348 4527 1435 4576 colono
1448 4537 1474 4577 et
1491 4528 1664 4603 navigantibus

501 4611 557 4661 qua
573 4594 665 4661 imperii
680 4592 716 4642 tui
730 4591 810 4641 sedem
827 4592 901 4639 habes
915 4590 992 4648 Antii,
1005 4592 1064 4641 urbs
1096 4592 1209 4640 Fortuna
1231 4591 1344 4649 exhibito,
1366 4593 1492 4658 antiquam
1514 4593 1589 4659 bupis
1606 4594 1663 4645 'deas

501 4676 550 4726 pra
578 4658 661 4709 ceteris
686 4656 730 4706 tibi
757 4671 833 4716 cara;
862 4654 1063 4721 quemadmodum
1093 4654 1299 4721 imaginemque
1322 4656 1365 4704 illa
1383 4655 1409 4705 in
1425 4665 1483 4706 vett.
1499 4659 1664 4709 monumentis

501 4740 586 4791 nempe
596 4725 681 4775 Venus
689 4724 720 4772 ob
729 4722 941 4788 precipuumquo
949 4718 975 4769 in
983 4720 1065 4769 insula
1096 4721 1171 4770 altera
1185 4736 1258 4771 manu
1272 4738 1345 4769 anxa
1359 4725 1437 4784 copis,
1449 4723 1524 4771 altera
1540 4726 1665 4787 gutm-
