3659 5892
432 522 498 587 332
794 550 796 555 ·
841 518 1164 588 SATIRARUM

518 674 641 751 Natus,
657 672 736 738 dum
750 671 932 757 ingenuus;
955 672 1136 758 persuades
1150 672 1214 738 hoe
1228 673 1290 739 tibi
1304 696 1391 753 vere,

519 774 609 841 Ante
623 784 820 861 potestatem
834 772 927 839 Tulli
939 784 1038 859 atque
1052 774 1196 859 ignobile
1209 797 1358 861 reguum,

458 878 499 943 10
519 876 646 942 Multos
662 898 750 961 soepe
764 875 850 941 viros
865 875 963 941 nullis
977 878 1154 963 majoribus
1169 888 1259 943 ortos

519 979 568 1044 Et
581 980 702 1044 vixisse
717 980 851 1064 probos,
867 978 983 1064 amplis
997 990 1033 1043 et
1045 978 1227 1045 honoribus
1241 990 1373 1047 suctos:

438 1158 443 1168 Ι
518 1082 654 1159 Contra,
670 1079 850 1159 Laevinum,
867 1079 983 1146 Valeri
995 1102 1112 1165 genus,
1127 1082 1216 1145 unde
1232 1082 1405 1167 Superbus

518 1183 719 1267 Tarquinius
733 1204 836 1267 regno
850 1180 967 1267 pulsus
979 1180 1053 1260 fuit,
1067 1183 1165 1247 unius
1179 1183 1262 1249 assis

518 1285 599 1352 Non
612 1306 757 1370 unqusm
770 1286 877 1369 pretio
890 1283 995 1369 pluris
1007 1284 1150 1361 licuisse,
1165 1294 1300 1351 notante

456 1388 499 1452 15
518 1385 650 1465 iudice,
665 1408 732 1471 quo
744 1387 842 1464 nosti,
857 1386 999 1472 populo:
1022 1386 1080 1470 qui
1094 1384 1215 1451 stultns
1229 1386 1372 1453 honores

520 1488 617 1575 Saepe
632 1490 689 1555 dat
703 1489 858 1575 indignis,
872 1497 906 1553 et
920 1488 1015 1552 famae
1030 1488 1130 1553 servit
1141 1488 1290 1573 ineptus3

519 1590 589 1663 Qui
602 1601 714 1678 stupet
726 1592 760 1655 in
773 1590 876 1655 titulis
888 1599 923 1655 et
937 1589 1143 1674 imag'uribus.
1190 1589 1284 1662 Quid
1298 1599 1429 1675 oportet

518 1692 593 1759 Nos
608 1691 729 1771 lacere,
744 1715 764 1757 s
777 1690 875 1777 vulgo
889 1690 987 1775 longe
1001 1689 1133 1775 lateque
1146 1694 1310 1756 remotosl

518 1794 671 1879 Namque
685 1805 769 1872 esto,
783 1793 927 1879 populus
943 1791 1079 1858 Laevino
1093 1792 1202 1858 mallet
1216 1792 1374 1859 honorem

453 1897 497 1961 20
518 1897 627 1970 Quam
643 1896 749 1962 Decio
763 1895 918 1960 mandare
931 1916 1037 1973 nov03
1061 1894 1252 1979 Censorque
1266 1909 1411 1964 moveret

518 1996 662 2083 Appius,
677 1998 819 2082 ingenuo
834 1998 863 2061 si
877 2018 943 2062 non
957 2017 1065 2061 essem
1077 2006 1172 2082 patre
1186 2009 1301 2077 natus;

518 2100 584 2167 Vel
595 2100 722 2177 merito,
738 2100 890 2183 quonium
904 2099 939 2163 in
952 2098 1087 2183 propria
1099 2121 1166 2165 non
1179 2100 1265 2185 pelle
1279 2102 1452 2185 quiessem.

520 2203 588 2267 Sed
603 2201 748 2287 fulgente
763 2201 864 2267 trahit
878 2199 1072 2267 constrictos
1087 2200 1205 2266 Gloria
1218 2223 1319 2268 curru

432 2386 542 2437 trudunt:
556 2385 603 2435 vid.
612 2384 730 2436 Herodot.
739 2384 758 2442 i,
766 2386 809 2443 94,
820 2383 924 2450 Dionys.
935 2381 994 2432 Hal·
1059 2384 1164 2433 12-17.
1192 2385 1280 2434 Contra
1301 2384 1438 2435 husan.-
1460 2385 1584 2451 vulgarem

433 2452 504 2511 ist.
537 2452 585 2500 Pro
602 2452 730 2515 legionibus
746 2448 802 2499 dedi
818 2465 875 2499 eum
894 2448 946 2497 Fes
963 2462 995 2497 ax
1025 2448 1177 2505 sententiani,
1195 2456 1212 2478 ‘⁴
1220 2458 1246 2498 st
1265 2458 1291 2498 tn
1312 2446 1376 2499 idern
1392 2451 1472 2524 probe
1493 2452 1585 2509 seins

433 2516 572 2593 conjsotura
580 2513 893 2593 Wakelisldii,rsgionibus;
907 2528 993 2579 qnam·
1025 2520 1096 2575 gente
1119 2512 1195 2562 nobili
1215 2521 1352 2589 prognatus,
1374 2516 1421 2563 nisi
1445 2515 1532 2590 virtute
1557 2530 1586 2565 ss

432 2577 993 2706 lttffitltl‘tzt‘ulttftntltt:
1024 2577 1584 2710 tmdl‘bls‘lllltllttt:

433 2710 504 2759 modo
515 2708 630 2757 Horatius
641 2706 782 2759 Maenius
793 2706 894 2772 majores
903 2710 994 2771 παρὰ
1024 2704 1111 2771 pressit
1128 2706 1183 2756 sie:
1201 2716 1227 2755 at
1237 2722 1282 2757 nec
1296 2716 1322 2757 ta
1337 2707 1398 2755 latet
1409 2707 1469 2771 (hoe
1483 2708 1532 2757 iere
1542 2724 1586 2773 pro

433 2774 579 2849 exercitibus
595 2771 718 2839 praeluisse
735 2770 813 2821 dicere
829 2770 939 2845 potuerit,
949 2770 994 2819 do·
1023 2772 1146 2843 persuades
1166 2772 1207 2820 bos
1225 2773 1268 2819 tibi
1285 2788 1337 2820 um
1352 2771 1508 2847 repetendum
1523 2772 1584 2837 est),

433 2834 994 2961 lllrtnltitltltnttlltt
1026 2834 1586 2965 ¹‘”l”ltntnt”ttn?t”ttttst

434 2916 995 3038 issetraduntur(cl.sup.adOd.i,l,l).hsud
1025 2913 1171 3028 l‘a'rquinius
1189 2965 1312 3039 Superbus
1331 2980 1404 3029 regno
1425 2966 1509 3031 pulsus
1529 2965 1584 3023 luit,
1608 3012 1616 3023 ,

434 3038 578 3095 pratariam
590 3030 621 3078 sb
638 3030 738 3077 Horatio
757 3031 847 3094 rugan
862 3029 995 3092 regionibus
1026 3043 1149 3091 nunquam
1168 3027 1244 3094 pluns
1258 3042 1331 3092 quarn
1347 3028 1420 3077 nnius
1434 3028 1496 3077 assis
1512 3028 1585 3095 (he.

433 3096 574 3157 imperitasse
597 3092 646 3143 dici
667 3100 783 3158 poterent.
820 3094 883 3141 Sunt
904 3099 993 3152 lamen,
1026 3090 1133 3154 minimi)
1154 3091 1296 3143 estimatum
1312 3108 1365 3142 esse
1384 3094 1516 3158 (limisit),
1532 3093 1585 3159 ipso

434 3158 478 3224 qui
494 3159 615 3222 vulgatam
630 3158 756 3207 lectionem
766 3164 887 3206 tueantur.
920 3156 993 3208 Cete-
1024 3172 1057 3230 po
1074 3156 1307 3223 ulojudicsnte,qui
1316 3157 1584 3224 tamensepemtscis,

434 3238 487 3271 rum
505 3232 561 3272 ante
577 3222 661 3271 oculos
671 3220 756 3271 habuit
766 3219 881 3271 Horatius
896 3221 994 3269 Lueret.
1025 3172 1140 3283 mdgnis,
1151 3223 1183 3270 ob
1201 3222 1277 3270 solam
1291 3237 1373 3271 eorum
1384 3222 1474 3270 lainam
1485 3220 1524 3271 vel
1540 3238 1584 3271 no·

434 3286 470 3345 iii,
491 3289 564 3345 loll,
584 3287 732 3343 Oseidrrunt,
752 3288 842 3351 mugnis
858 3288 899 3347 qui
913 3287 992 3348 genti·
1025 3284 1152 3341 hilinum,
1180 3286 1253 3335 stulte
1279 3285 1380 3336 bonores
1404 3285 1495 3336 deterre
1515 3287 1586 3336 solet.

435 3354 476 3401 bus
487 3354 654 3414 imperitarent.
686 3351 749 3399 Naso
757 3350 876 3412 nupssdis
887 3350 995 3397 adanon.-
1026 3349 1123 3413 Itaque,
1139 3365 1195 3399 curn
1212 3365 1244 3399 ne
1259 3351 1365 3417 populus
1380 3350 1477 3416 quidem
1493 3350 1586 3416 aliquid

453 3416 479 3464 ui
489 3431 545 3465 curn
557 3414 695 3464 amsrorisu
706 3429 791 3463 nasum
808 3412 929 3463 sduncum
939 3412 993 3461 red·
1025 3412 1135 3463 tribuerit
1144 3412 1238 3463 Levini
1255 3414 1384 3472 nobilitati,
1395 3431 1450 3464 snm
1463 3414 1585 3464 hominem

435 3432 505 3539 dunt,
515 3480 564 3529 sive
577 3494 662 3528 nasum
673 3478 831 3543 distorquent,
840 3476 915 3526 animi
927 3491 994 3527 acer·
1025 3476 1151 3541 indignum
1166 3478 1239 3543 plane
1254 3479 1341 3544 amplis
1354 3478 1485 3528 honoribus
1500 3478 1584 3536 inissa,

433 3544 533 3595 hitatem
544 3544 694 3610 exprimunt3
710 3544 846 3605 suspendere
861 3540 934 3606 igitur
950 3542 994 3591 ali·
1026 3540 1097 3591 facile
1115 3550 1222 3608 apparet.
1260 3543 1325 3593 Hinc
1346 3544 1428 3592 Sebol.
1447 3543 1538 3610 Porpb.
1554 3542 1586 3593 de

435 3624 506 3674 quem
524 3624 577 3657 naso
594 3610 684 3655 adamo
702 3606 780 3673 lepide
794 3606 884 3655 dictum
902 3613 940 3655 est
954 3621 996 3671 pro
1028 3605 1137 3663 Lavino,
1158 3606 1207 3656 llio
1225 3608 1255 3655 P.
1276 3610 1381 3657 Valerius
1400 3609 1508 3657 Levium
1529 3611 1585 3657 adso

434 3672 536 3737 vulgari,
549 3671 625 3723 ridere
634 3672 739 3736 aliquem
750 3686 806 3721 eum
820 3668 992 3731 amaritudine;
1016 3670 1090 3736 fadis
1105 3688 1132 3719 ac
1146 3674 1254 3734 projectis
1270 3675 1296 3721 iu
1310 3689 1397 3721 omnem
1414 3675 1584 3735 turpitudinen

435 3752 487 3793 nos,
500 3740 556 3785 iiber
565 3739 632 3785 sinan
646 3738 684 3785 dis
696 3735 757 3785 Nare
767 3735 888 3800 rilmpsen:
900 3734 936 3782 sie
947 3734 992 3783 ini.
1023 3738 1122 3784 moribiu
1133 3738 1200 3791 visit,
1208 3746 1237 3783 ut
1247 3738 1340 3799 prolabi
1350 3754 1395 3785 nos
1404 3739 1508 3799 potuerit
1518 3738 1584 3785 sitm

435 3801 516 3866 Epist.
528 3802 545 3859 i,
560 3801 598 3857 19,
610 3802 650 3856 45,
661 3802 758 3848 naribm
773 3800 822 3863 (sa.
832 3798 946 3863 muscis)
955 3802 993 3847 ati
1024 3807 1144 3861 questura
1162 3802 1310 3863 dignitatem.
1344 3802 1395 3855 Quo
1414 3804 1483 3857 nosti,
1503 3816 1583 3866 quem,

427 3866 542 3931 formido,
562 3880 613 3930 pro,
632 3879 680 3913 non
701 3862 778 3913 audeo
798 3861 922 3929 indulgere
939 3863 993 3912 irri-
1024 3862 1105 3928 qnslis
1123 3863 1201 3929 judex
1222 3864 1262 3921 sit,
1285 3863 1363 3923 uosti;
1387 3865 1450 3914 hanc
1471 3865 1584 3915 Graecam

434 3928 505 3979 sioni.
539 3929 554 3977 l
584 3939 639 3985 otor,
650 3928 777 3993 ignobiles,
793 3937 821 3977 ut
840 3944 864 3976 v.
875 3928 916 3977 24.
949 3928 992 3976 ls-
1024 3928 1224 3977 combustionem
1236 3947 1279 3992 quo
1305 3930 1465 3993 roqussnffi
1476 3947 1504 4003 ys
1545 3931 1585 3997 σῇ

396 4048 397 4053 ,
433 3986 533 4058 gnidus,
544 3947 675 4043 liberaliter
685 3990 805 4041 excultus.
1024 3993 1061 4056 τῷ
1076 3990 1126 4056 disp
1166 3991 1258 4059 ΜΗ
1279 3946 1364 4057 alneu)
1382 3993 1498 4058 exemplis
1514 3947 1584 4043 llius

468 4058 558 4107 8-11.
578 4058 703 4105 Persuudss
721 4057 761 4105 bos
780 4056 823 4106 tibi
843 4071 903 4113 oens,
921 4063 993 4105 oett.:
1025 4057 1099 4105 travit
1139 4056 1230 4107 eindor.
1271 4059 1319 4113 Qui
1333 4068 1409 4120 stupa
1425 4061 1451 4106 in
1468 4060 1547 4107 titulis
1562 4068 1585 4106 st

432 4121 485 4186 jam
496 4130 551 4171 ante
562 4119 679 4176 Tullium.
692 4120 735 4185 qui
745 4118 846 4184 ignobili
855 4119 909 4169 loco
924 4129 996 4169 natus
1026 4122 1175 4185 imaginibus,
1185 4138 1227 4187 pro
1244 4123 1285 4171 vul
1329 4121 1346 4178 ¹,
1362 4137 1377 4170 a
1392 4122 1425 4170 ud
1441 4137 1515 4187 quem
1532 4122 1585 4171 sola

435 4198 477 4235 ter
488 4185 566 4235 lactus
578 4193 623 4243 est,
635 4185 725 4233 multos
740 4200 813 4251 sepe,
824 4183 912 4251 pariter
924 4184 993 4249 igno-
1025 4185 1090 4233 valet
1099 4185 1222 4234 bominum
1233 4187 1290 4235 nobi
1300 4187 1354 4235 itas.
1401 4189 1527 4235 abilitatem
1537 4185 1584 4236 sei-

435 4250 505 4307 biles,
517 4258 541 4300 et
552 4248 679 4299 virtutibus
695 4248 845 4305 excelluisse.
856 4257 881 4297 et
894 4249 995 4299 summis
1025 4247 1084 4299 licet
1104 4248 1224 4314 cujusque
1240 4250 1399 4315 designabant
1416 4257 1442 4300 st
1459 4252 1585 4300 confirma·

435 4315 564 4364 honoribus
584 4323 679 4362 ornatos
696 4328 757 4371 esse,
771 4312 802 4363 de
818 4313 864 4362 hac
879 4330 904 4363 re
920 4315 993 4377 (boc)
1025 4313 1086 4362 bant
1111 4317 1225 4377 nujomm
1250 4319 1369 4381 imagines,
1397 4332 1462 4380 quse,
1491 4314 1587 4381 adjectu

436 4380 503 4429 nullo
524 4378 594 4427 modo
617 4376 749 4427 dubitabis.
793 4378 906 4442 ignobile,
929 4378 994 4442 quod
1026 4394 1105 4428 rarum
1131 4393 1147 4426 a
1174 4379 1305 4443 majoribus
1330 4388 1451 4444 gestarum
1471 4379 1587 4429 memoria

435 4452 501 4494 must
517 4442 579 4492 viri
613 4442 694 4491 obilis.
727 4442 816 4498 Nullis,
836 4441 992 4517 ignobilibus,
1025 4444 1138 4506 (adjectis
1154 4444 1257 4507 titulis),
1274 4459 1329 4493 esra
1346 4446 1431 4493 affictis
1450 4443 1585 4509 conspicie-

435 4518 462 4557 ut
473 4506 569 4558 Servius
605 4506 689 4565 ullius,
701 4506 766 4582 apud
778 4506 832 4555 Liv.
844 4523 876 4563 iv,
889 4508 913 4563 3,
927 4509 994 4556 nullo
1025 4507 1114 4556 bantm
1123 4505 1149 4554 in
1161 4507 1229 4556 atrio.

433 4584 501 4635 putre
527 4582 597 4621 nutus
623 4586 676 4622 esse
700 4572 802 4631 dreitur;
819 4577 844 4620 et
867 4570 901 4619 sic
930 4571 994 4646 apud
1061 4572 1165 4620 17-23.
1182 4572 1246 4626 Quid
1261 4582 1348 4635 oportet
1366 4572 1413 4621 Nus
1422 4571 1585 4638 fsesmeett.

436 4638 536 4687 Grecos
570 4638 667 4703 ignobili
701 4646 769 4701 patra
805 4644 875 4684 natus
908 4635 995 4686 dicitur
1026 4652 1130 4685 sensus:
1158 4636 1244 4701 quodsi
1271 4652 1327 4685 vero
1346 4636 1443 4701 vulgus,
1466 4636 1587 4685 nobilitati

435 4700 549 4767 ἀπάτωρ.
1027 4700 1139 4761 hominis,
1157 4701 1237 4765 qualia
1254 4709 1291 4751 est
1307 4701 1430 4761 tanaus,
1445 4716 1529 4767 parum
1543 4701 1586 4751 ui·
