3659 5892
657 563 824 631 LIBER
846 566 892 644 ll,
920 570 947 631 1.

308 712 460 777 Carmina
473 716 624 779 rescieris
639 738 698 781 nos
713 716 849 803 fingere,
866 720 1054 786 commodus
1071 720 1156 789 ultro

303 812 475 895 Arcessas,
491 827 525 881 et
540 840 637 902 egere
652 829 754 897 vetes,
769 832 804 885 et
819 822 962 887 scribere
978 846 1087 908 cogas.

303 916 372 981 Sed
387 927 495 983 tamen
512 930 564 983 est
578 943 688 1004 operae
702 923 844 1006 pretium
858 946 1067 1009 cognoscere,
1083 926 1195 1011 quales

216 1018 283 1082 230
303 1018 463 1084 AEdituos
476 1020 599 1086 habeat
613 1023 691 1087 belli
707 1034 855 1108 spectata
869 1026 1023 1111 domique

301 1120 430 1199 Virtus,
447 1122 581 1208 indigno
595 1146 660 1189 non
675 1127 906 1191 committenda
921 1140 1038 1212 poete.

301 1221 427 1287 Gratus
440 1222 633 1291 Alexandro
647 1228 718 1311 regi
731 1226 857 1312 Magno
873 1228 935 1294 fuit
949 1230 1003 1296 ille

301 1324 478 1401 Choerilus,
492 1327 623 1393 incultis
638 1330 696 1413 qui
710 1331 859 1395 versibus
873 1342 907 1396 et
927 1332 1008 1397 male
1024 1336 1109 1397 natis

300 1424 429 1492 Retulit
442 1440 608 1513 acceptos,
621 1429 732 1515 regale
746 1432 912 1511 nomisma,
930 1433 1113 1521 Philippos.

214 1528 279 1590 235
300 1527 369 1593 Sed
381 1530 482 1595 veluti
497 1543 636 1599 tractata
648 1544 758 1599 notam
771 1533 943 1620 labemque
958 1538 1128 1601 remittunt

299 1628 505 1711 Atramenta,
519 1634 589 1699 fere
604 1636 779 1721 scriptores
794 1639 935 1703 carmine
951 1638 1040 1704 foedo

301 1732 483 1817 Splendida
495 1735 582 1802 facta
595 1736 711 1803 lintmt.
756 1738 851 1803 Idem
863 1762 924 1804 rex
937 1739 1002 1817 ille,
1019 1762 1134 1825 poema

302 1835 371 1909 Qui
385 1847 452 1901 tam
464 1838 648 1916 ridiculum,
664 1850 730 1903 tam
743 1861 819 1905 care
832 1842 991 1927 prodigus
1005 1844 1094 1921 emit,

301 1937 424 2004 Edicto
438 1943 551 2020 vetuit,
567 1964 609 2007 ne
623 1943 698 2026 quis
712 1964 748 2007 se
762 1954 883 2027 praeter
896 1942 1040 2029 Apellen

214 2039 279 2103 240
300 2040 467 2127 Pingeret,
483 2055 540 2108 aut
553 2044 637 2109 alius
652 2044 801 2129 Lysippo
816 2046 952 2111 duceret
966 2068 1033 2111 aera

299 2142 408 2208 Fortis
422 2145 605 2211 Alexandri
619 2146 743 2211 vultum
758 2146 951 2213 simulantia.
998 2150 1098 2223 Quod
1114 2151 1143 2214 si

300 2243 323 2307 J
325 2244 468 2311 odicium
482 2248 602 2313 subtile
615 2248 765 2313 ridendis
779 2247 906 2313 artibus
922 2249 1001 2315 illud

213 2429 244 2479 de
254 2430 338 2497 poetis,
349 2433 393 2498 qai
408 2433 508 2483 recitata
522 2434 638 2490 cumina,
649 2432 708 2499 qaia
720 2433 772 2499 pls·
804 2449 858 2482 nrm
874 2443 912 2485 est
945 2434 993 2485 uod
1009 2446 1087 2485 narrat
1098 2436 1190 2487 Acron.
1203 2437 1233 2487 ad
1245 2438 1324 2513 Epist.
1335 2440 1366 2489 ad

213 2506 324 2551 coemat,
334 2498 419 2547 iterum
428 2498 527 2547 recitare
534 2497 659 2563 jubentru.
804 2498 887 2548 Pius.
897 2452 955 2555 (loll,
966 2500 1131 2549 Alexandrum
1142 2502 1182 2551 M.
1192 2503 1301 2553 Choenlo
1312 2502 1366 2553 dis-

246 2562 304 2618 224,
313 2565 370 2611 225.
388 2562 561 2637 Non'opparere
571 2564 661 2637 labores·
669 2562 771 2617 Nostros,
804 2562 860 2621 isse,
868 2564 976 2639 sensile
985 2565 1110 2639 Thersiten
1120 2581 1173 2615 esse
1183 2568 1281 2615 Homeri
1293 2584 1365 2632 quaro

212 2626 775 2756 &lmttlltffllddttffb
805 2626 1367 2759 litinllllitsttittl.illitis

212 2756 443 2815 paterclanum
478 2753 774 2817 Tessuidsdactaposmats
806 2755 890 2806 iecisse
907 2756 1001 2807 ridetur
1016 2758 1081 2821 quod
1097 2758 1173 2817 Sulla,
1186 2760 1236 2823 qui,
1251 2768 1279 2808 ut
1296 2761 1367 2810 refert

204 2819 260 2876 jalo,
272 2819 379 2869 carmina
395 2836 445 2869 noa
461 2820 558 2868 sublimi
577 2820 619 2869 sed
636 2818 703 2869 tenui
719 2834 772 2869 ora·
805 2819 891 2871 Cicero
900 2836 943 2885 pro
955 2821 1031 2871 Arch.
1042 2836 1065 2871 c.
1076 2824 1115 2877 10,
1128 2823 1191 2871 malo
1202 2824 1297 2873 cuidam
1309 2840 1365 2889 poe-

213 2882 431 2949 tionecomposita:
443 2884 575 2948 intelligere
583 2884 773 2935 videturSatiras
804 2891 836 2932 te
847 2885 970 2950 praemium
982 2886 1033 2935 dari
1041 2885 1115 2949 jussit
1124 2886 1169 2935 hac
1181 2888 1366 2945 conditionem

212 2948 445 3011 etEpistolassuas.
819 2952 859 2997 uid
870 2961 944 3012 posteo
955 2953 1073 2999 scriberet.
1102 2951 1367 3003 Ceterumvid.Nelii

245 3014 305 3085 m
323 3016 454 3062 Comum
468 3012 556 3061 dicitur
573 3011 617 3077 qui
633 3010 692 3060 iacit
706 3011 772 3076 quod
803 2966 911 3063 libellum
923 3014 953 3063 de
964 3014 1081 3071 Choerilo,
1095 3017 1166 3064 1817.

213 3076 283 3125 nous
298 3087 392 3141 gratam
406 3088 432 3127 et
446 3086 573 3141 accepturo
588 3084 638 3126 est:
657 3090 711 3141 sup.
723 3076 773 3125 Od.
837 3079 896 3127 236.
913 3078 1032 3137 Tractat«,
1044 3094 1080 3128 sc.
1092 3079 1212 3137 manibus,
1224 3079 1277 3129 usui
1293 3080 1367 3130 alicui

212 3139 247 3196 ir,
264 3144 326 3199 s,1,
343 3144 460 3191 Donarem
473 3152 567 3206 pateras
581 3151 695 3206 gratnqm
713 3158 773 3189 coss·
806 3141 923 3191 adbibita.

263 3223 302 3255 as.
837 3208 895 3255 236.
912 3207 978 3263 Fere,
987 3221 1035 3255 non
1046 3223 1107 3265 raro,
1118 3208 1265 3273 plerumque,
1272 3218 1300 3257 ιιι
1310 3224 1365 3275 sup.

244 3271 303 3319 228.
321 3270 353 3319 Et
370 3287 435 3335 egsre
448 3280 521 3321 osta:
539 3268 581 3336 qui
597 3280 691 3335 postam
705 3286 772 3333 «gers
803 3271 854 3319 Sat.
866 3271 885 3324 i.
897 3272 937 3327 10,
953 3273 991 3329 15,
1004 3272 1082 3337 Epist.
1094 3274 1112 3329 i,
1127 3274 1165 3328 19,
1178 3276 1203 3321 5.

212 3342 284 3392 vetat,
300 3335 324 3383 ei
343 3335 385 3383 dat
405 3344 430 3384 et
445 3335 521 3383 donat
539 3334 604 3383 unde
622 3333 695 3383 vivat.
728 3334 771 3381 Co-
837 3336 895 3383 237.
924 3337 1025 3390 Linum,
1049 3336 1169 3401 polluunt,
1193 3334 1366 3395 contaminant,

210 3414 268 3462 gas:
285 3400 394 3463 Augusti
416 3399 462 3449 isit
480 3400 531 3449 hec
553 3398 591 3447 sis
608 3412 657 3447 non
679 3397 774 3461 ingrata
804 3399 940 3448 obscurant.
974 3400 1037 3448 Idem
1056 3400 1213 3450 resiliatis
1229 3404 1289 3449 idem
1309 3400 1367 3450 latet

213 3463 299 3528 poetis.
805 3461 938 3521 admiratio,
951 3464 1131 3529 quomodolieri
1142 3465 1291 3529 potuerit,ut
1303 3480 1367 3514 unus

245 3530 304 3577 aab.
319 3529 437 3584 AEditaos,
453 3536 582 3585 curatores,
600 3528 627 3575 b.
642 3542 665 3576 s.
680 3535 772 3591 poetas,
805 3526 916 3591 idemque
928 3543 977 3585 rex,
990 3528 1032 3593 qui
1046 3544 1061 3576 a
1076 3528 1170 3578 nemine
1187 3529 1232 3577 nisi
1250 3542 1265 3576 a
1273 3528 1367 3601 perfec·

212 3591 255 3657 qai
278 3606 316 3642 res
340 3592 398 3641 belli
423 3592 535 3642 domim
559 3592 674 3657 preclare
737 3598 774 3641 tas
805 3589 896 3640 ummo
912 3592 1002 3666 pictore
1018 3593 1115 3658 Apelle,
1134 3594 1196 3650 Coo,
1213 3592 1289 3658 pingi,
1307 3601 1332 3642 et
1352 3608 1368 3641 a

212 3657 359 3706 carminibus
376 3658 471 3706 celebra
505 3671 533 3704 as
552 3666 646 3705 sumat.
679 3606 774 3705 affine
805 3656 873 3704 nullo
889 3656 938 3705 also
954 3656 1000 3705 nisi
1018 3656 1239 3722 apraestantissimo
1253 3656 1367 3706 statuario

212 3722 354 3787 (mosdpos)
366 3736 408 3786 pro
424 3722 459 3771 rie
471 3729 528 3769 suot
539 3729 661 3771 curatores
677 3728 702 3769 et
716 3736 772 3769 cus·
806 3720 921 3785 Lysippo,
934 3720 1056 3795 Sicyonio,
1073 3737 1118 3771 aare
1134 3721 1215 3785 effingi
1230 3720 1314 3778 voluit,
1328 3720 1366 3769 in·

212 3786 280 3835 todes
300 3784 359 3835 edis
377 3737 424 3835 vel
435 3786 518 3851 templi
534 3785 654 3849 alicujus,
671 3783 774 3833 suaviter
804 3792 872 3848 eptos
893 3792 918 3833 et
937 3784 1050 3835 nucales
1070 3784 1172 3835 Choerili
1191 3800 1273 3835 versus
1293 3784 1368 3849 regali

212 3850 286 3913 igitur
303 3858 380 3915 poeta
397 3858 513 3899 vocantur
532 3850 615 3899 editui
633 3848 716 3915 templi
735 3849 773 3899 rel
804 3848 970 3898 munificentia
992 3858 1095 3898 ornaret.
1129 3851 1195 3899 Mira
1216 3857 1295 3899 autem
1318 3858 1368 3899 arte

212 3914 337 3980 Apollinis
346 3915 385 3963 rel
396 3916 535 3963 Musarum.
806 3912 922 3961 Horatius
945 3912 990 3961 boc
1014 3913 1147 3962 Alexandri
1172 3913 1282 3979 exemplo
1303 3912 1368 3963 riam

244 3981 385 4028 232-234.
398 3980 634 4033 Gratusdlesondro,
642 3984 700 4025 cett.
716 3978 773 4026 Ma·
805 3976 852 4025 sibi
867 3976 946 4025 munit
961 3976 991 4026 ad
1003 3976 1172 4027 celebrandum
1184 3978 1331 4043 Augustum,
1342 3986 1369 4027 ιιι

212 4042 251 4091 los
262 4044 304 4093 illa
316 4053 394 4109 poeta,
406 4044 539 4099 Cboerilus‚
549 4042 594 4107 qui
604 4042 630 4091 iu
641 4041 775 4090 Alexandri
806 4040 884 4089 virum
902 4040 992 4090 rectius
1007 4040 1036 4090 de
1051 4042 1126 4106 pretio
1142 4042 1211 4091 bonis
1230 4042 1306 4109 poetis
1320 4050 1368 4091 sta·

212 4108 309 4172 Magni,
319 4107 359 4156 cai
370 4117 452 4171 gratus
459 4118 519 4164 erat,
528 4106 643 4155 comitatu
652 4106 698 4154 luit
705 4105 774 4167 (Cic.
806 4105 897 4155 mendo
906 4104 1067 4171 judicantem.

212 4186 255 4237 pro
263 4172 340 4223 Arcb.
348 4174 380 4222 P.
389 4188 412 4220 c.
422 4174 461 4229 10,
474 4174 550 4227 Quam
561 4173 643 4219 maltos
655 4171 776 4232 scriptores
840 4171 898 4218 040,
915 4172 983 4218 Alius
993 4171 1093 4234 Lysippo
1104 4171 1199 4234 (ἄλλος
1209 4170 1368 4231 Λυσίππου),

212 4253 292 4285 reram
300 4254 396 4286 mrum
404 4238 507 4301 Magnas
517 4238 559 4285 ills
565 4236 776 4284 Almaderssaass
807 4233 914 4283 disemus
925 4250 940 4283 a
951 4234 1066 4309 Lysippo,
1078 4234 1141 4283 alius
1152 4250 1226 4299 quam
1237 4235 1370 4347 Lysippum

213 4302 316 4351 babuisse
325 4304 456 4363 dicituri),
467 4318 509 4366 pro
520 4300 626 4349 versibus
641 4298 742 4347 rudibus
752 4309 777 4348 et
808 4299 844 4347 sic
855 4314 909 4364 sup.
921 4298 1000 4364 Epist.
1013 4316 1029 4354 ι,
1044 4299 1082 4356 16,
1095 4300 1134 4355 10,
1148 4300 1210 4348 Nem
1219 4310 1283 4361 potes
1294 4318 1308 4347 o
1321 4302 1369 4347 iam

213 4364 309 4413 sinisuo
320 4365 436 4430 Apolline
445 4365 484 4414 rel
502 4378 584 4414 crassa
597 4364 711 4412 liliaersa
726 4364 776 4412 iao·
809 4366 910 4425 sapiente
930 4366 1029 4426 borropus
1051 4366 1149 4411 beatum.
1183 4364 1284 4413 Duceret
1305 4382 1368 4413 cro:

213 4429 253 4488 tis,
266 4430 401 4495 Philippos,
414 4445 524 4478 nummos
539 4442 625 4477 aureos
642 4426 706 4491 regis
717 4428 776 4477 Phi·
808 4443 837 4477 as
853 4429 936 4475 dooere
950 4427 1092 4491 (iladvav)
1110 4435 1147 4475 est
1164 4442 1197 4476 es
1214 4428 1293 4477 fabrili
1311 4436 1369 4485 arte,

213 4494 272 4560 lippi
292 4494 397 4558 imagine
413 4494 539 4558 insignitos
556 4491 657 4569 accepit.
691 4494 776 4555 decep·
809 4491 932 4540 tundendo
946 4500 970 4541 et
981 4491 1100 4547 cudendo,
1113 4491 1147 4539 ita
1158 4500 1267 4547 tractare,
1279 4498 1371 4603 utpro-

212 4568 263 4606 tan
279 4561 370 4623 elipssid
390 4560 479 4624 nsem
495 4561 568 4608 aliosi
586 4574 622 4605 res
639 4565 676 4604 est
693 4555 778 4606 debers
810 4557 888 4621 posita
898 4556 977 4619 imago
994 4554 1154 4621 exprimatur:
1172 4556 1222 4605 vid.
1234 4556 1313 4604 Brouls

213 4622 305 4687 aliquid
323 4623 397 4672 alicui
412 4624 462 4683 rei;
479 4631 532 4681 no's,
548 4633 616 4671 etam
632 4623 696 4669 does
708 4621 779 4671 sacto
810 4619 842 4669 ad
853 4620 948 4668 Tibull.
959 4619 977 4676 i,
989 4621 1013 4675 3,
1025 4622 1067 4668 ts.

213 4690 352 4737 ondaakso.
388 4687 637 4737 Gboerilusoerrioraltts
651 4688 689 4735 ds'a
702 4685 775 4733 Gold-
840 4686 899 4733 241.
921 4684 1072 4740 Simulautia,
1093 4682 1271 4739 adsimulantia,
1292 4684 1370 4748 expri-

213 4754 309 4800 n'a'nsen
327 4754 404 4801 sciren
420 4754 549 4802 abbrlton
570 4750 661 4799 l'erssn.
694 4749 721 4799 si
737 4765 777 4801 re·
809 4748 1114 4815 meabaraprasantantia
1121 4766 1130 4813 5
1147 4747 1181 4799 sic
1197 4764 1251 4815 sup.
1262 4748 1340 4815 Epist.
1353 4746 1371 4807 i,

1331 4572 1370 4605 llss.
