3659 5892
664 566 891 633 CARMEN
916 570 947 632 5.

335 718 379 783 25
400 716 448 785 At
462 721 618 807 expedita
634 722 764 807 Sagana
779 744 838 807 per
853 733 954 788 totam
969 722 1100 788 domum

529 822 696 909 Spargens
712 823 892 891 Avernales
908 848 1022 910 aquas,

400 924 524 991 Horret
539 927 675 1011 capillis,
692 939 729 993 ut
743 929 898 1006 marinus,
914 930 1052 1015 asperis,

528 1028 688 1107 Echinus,
704 1040 761 1096 aut
778 1030 927 1096 Laurens
943 1054 1033 1117 aper.

398 1127 530 1196 Abanta
544 1132 632 1196 nulle
647 1132 732 1198 Veia
746 1134 946 1198 conscientie

332 1232 376 1297 30
528 1234 711 1320 Ligonibus
727 1235 818 1299 dune
834 1234 969 1301 humum

397 1335 636 1415 Exhauriebut,
651 1338 818 1423 ingemens
833 1338 1020 1418 laboribus3

529 1441 608 1515 Quo
623 1452 735 1525 posset
749 1440 892 1506 infossus
906 1465 991 1527 puer

397 1542 515 1629 Longo
530 1543 584 1608 die
599 1544 650 1609 bis
666 1554 781 1629 terque
796 1554 929 1610 mutatae
945 1546 1040 1629 dapis

526 1646 666 1711 Inemori
682 1647 886 1731 spectacu103

331 1746 377 1811 35
398 1746 510 1821 Quum
523 1749 722 1833 promineret
736 1771 803 1827 ore,
818 1760 976 1834 quantum
990 1759 1104 1815 extant
1122 1772 1210 1847 aqua

527 1850 695 1935 Suspense
710 1862 818 1917 mento
832 1874 988 1937 corpora:

398 1951 549 2019 Exsucta
562 1955 611 2017 uti
624 1953 776 2031 medulla,
792 1964 826 2019 et
841 1954 968 2019 aridum
977 1956 1073 2040 jecur

527 2054 658 2121 Amoris
673 2066 761 2121 esset
775 2056 940 2141 poculum,

396 2155 608 2223 Interminato
624 2180 725 2243 quum
740 2158 838 2223 semel
853 2158 929 2223 lixae
944 2161 1019 2223 cibo

331 2260 374 2325 40
526 2260 749 2326 Intabuissent
764 2260 907 2345 pupulae.

397 2363 475 2429 Non
491 2363 636 2429 defuisse
650 2361 802 2429 masculae
817 2362 962 2428 libidinis

526 2467 765 2531 Ariminensem
780 2465 916 2544 Foliam,

222 2630 240 2689 i,
261 2633 286 2691 8,
306 2634 347 2689 2³,
371 2636 424 2682 Vidi
445 2646 529 2699 egomet
553 2640 577 2686 ιιι·
608 2656 622 2685 a
643 2640 784 2685 succinctam
816 2636 939 2694 irrumet
955 2637 1097 2711 sepiusper
1113 2636 1336 2701 longumdiem,nt
1350 2656 1380 2690 eo

221 2699 305 2747 eadm
325 2700 391 2759 palla
410 2700 541 2749 Canidiam.
588 2706 690 2766 'porgens
711 2704 783 2749 riner-
816 2702 905 2767 majore
921 2718 1001 2751 earnm
1017 2702 1134 2752 desiderio
1147 2712 1313 2761 maceraretur,
1326 2720 1379 2754 mu-

220 2764 285 2811 rales
303 2778 383 2827 aprus,
399 2778 435 2812 sc.
453 2764 484 2813 ad
501 2764 598 2815 domum
619 2766 783 2815 lustrandam:
817 2776 920 2815 tatarum
937 2767 1093 2817 intabesceret
1111 2776 1136 2815 et
1151 2766 1213 2816 fame
1225 2777 1378 2818 enecaretur:

222 2844 287 2889 aque
299 2828 433 2885 Avernales,
449 2830 586 2879 exArcrno
602 2830 690 2897 petitae.
719 2830 784 2879 Hinc
816 2834 1011 2893 principamini,
1035 2848 1085 2897 pro,
1110 2831 1293 2892 inemoreretur3
1316 2851 1378 2895 porse

222 2890 298 2949 Dido,
319 2906 386 2941 sacra
405 2894 500 2959 magica
516 2895 545 2943 ad
564 2912 589 2945 re
608 2910 686 2944 amore
706 2894 784 2943 essol-
817 2895 956 2961 enimsmpe
973 2897 1071 2946 inservit
1086 2896 1224 2961 periphrasi.
1251 2900 1378 2973 Apitami-

222 2956 324 3005 vendnm
343 2956 478 3016 instituens,
498 2959 562 3026 apud
581 2960 650 3025 Virg.
671 2962 731 3009 AEn.
753 2958 784 3017 iv,
817 2977 886 3022 psam
911 2972 985 3009 menta
1005 2979 1109 3024 corpora,
1132 2961 1187 3009 vivs
1211 2960 1314 3023 imagine
1336 2980 1378 3028 pro

221 3022 280 3077 512,
301 3022 423 3085 Sparserat
439 3034 462 3070 et
485 3026 562 3073 latices
578 3027 696 3073 simulatas
707 3024 786 3089 jauris
818 3024 894 3083 tenui,
913 3034 1031 3074 natantes.
1067 3026 1293 3083 diadumenum,
1315 3026 1379 3077 fame

222 3086 326 3145 Aser-ui,
347 3087 423 3136 etsie
439 3090 534 3153 Stygius
553 3092 625 3146 lacus,
644 3089 708 3154 apud
726 3090 785 3137 Pro·
818 3104 889 3138 erese
909 3100 932 3139 et
955 3090 1090 3139 exsiccata:
1120 3089 1244 3138 Ammian.
1265 3092 1379 3141 Marcell.

221 3149 365 3215 perminii,
385 3154 424 3201 15.
455 3155 564 3202 lilarinur
583 3152 782 3211 Rehimenam-
816 3156 909 3212 xxx,4,
926 3158 1042 3218 adusque
1060 3158 1119 3216 ipsas
1137 3156 1248 3202 medullas
1265 3166 1378 3207 essuclus.

220 3217 302 3275 caus(
306 3216 463 3281 diser-lgel);
476 3217 531 3267 hinc
543 3218 616 3267 ducta
628 3218 782 3284 proverbialis
816 3221 905 3267 rimaris
922 3222 1039 3283 pocillum,
1053 3220 1176 3283 philtrum.
1209 3220 1286 3272 Quum
1301 3224 1377 3277 semel,

220 3278 320 3335 locutio,
343 3280 429 3357 ἐχίνου
452 3282 613 3349 τραχῦτερος.
661 3284 782 3331 laureas:
816 3282 840 3331 h.
853 3300 875 3333 e.
892 3284 963 3332 simul
982 3300 1019 3342 ac,
1032 3294 1100 3333 utut
1114 3286 1180 3331 sernel
1197 3282 1378 3345 nosram,

221 3342 284 3393 hanc
303 3345 512 3411 lectionemque
526 3350 561 3397 N.
575 3347 669 3397 Heinsii
685 3348 785 3397 debetur
818 3350 873 3398 124.
903 3351 958 3398 Ciba
974 3348 1172 3407 interminatam
1188 3364 1260 3412 quem
1277 3358 1378 3415 tungen-

221 3406 326 3469 inpenio,
348 3426 396 3460 non
417 3411 526 3462 dubitavi
546 3430 602 3463 cum
627 3413 736 3463 Bentlaio
758 3413 784 3461 in
815 3412 873 3461 dnm
886 3429 934 3463 non
946 3413 1123 3462 admittebatur.

219 3482 313 3523 textum
324 3476 436 3541 recipere,
448 3493 504 3526 curn
517 3479 613 3542 vulgata
630 3477 710 3535 lectio,
727 3494 782 3525 cur·
848 3480 955 3527 41-46.
974 3478 1025 3525 am
1039 3480 1137 3543 dejuhsr
1152 3480 1258 3526 mascula
1273 3479 1378 3527 libidinis

220 3555 282 3595 rear,
302 3554 412 3605 aprorum
432 3552 523 3591 naturre
545 3558 603 3609 repu
637 3551 670 3599 et,
694 3541 783 3607 quippe
816 3546 981 3591 Ariminensem
1005 3544 1102 3598 Foliam,
1127 3551 1185 3592 cett.
1204 3558 1305 3591 sensns:
1331 3543 1377 3592 Fo-

219 3602 262 3667 qui
280 3618 328 3653 non
345 3607 471 3663 currendo,
489 3606 531 3655 sed
550 3559 636 3655 standi
652 3616 677 3657 el
696 3622 783 3672 pugne
816 3607 872 3655 liam
896 3608 1006 3657 Arimino
1024 3606 1146 3669 (Umbriae
1168 3606 1270 3671 oppido)
1292 3615 1378 3665 ortam,

220 3683 247 3716 se
263 3669 367 3733 aptando
382 3671 439 3720 setis
455 3670 614 3721 inhorrescere
625 3672 717 3721 soleat:
735 3670 783 3719 vid.
816 3672 926 3721 nefande
938 3670 1043 3719 libidinis
1054 3672 1192 3726 veneficam,
1202 3686 1298 3735 operam
1308 3687 1378 3721 suam

221 3734 321 3781 Homer.
330 3733 403 3783 Iliad.
416 3737 469 3793 xiii,
479 3737 536 3793 471,
548 3746 573 3786 et
580 3736 668 3802 Odyss.
677 3736 725 3794 sir,
735 3736 783 3785 439
816 3736 854 3785 his
872 3737 945 3786 sacris
961 3735 1061 3798 magicis
1077 3735 1248 3791 commodasse,
1263 3735 1378 3800 Neapolis

219 3805 245 3846 et
261 3798 318 3847 446.
346 3798 459 3859 Laurens,
474 3802 596 3866 epitheton
610 3801 783 3877 arnnns,quod
815 3812 839 3851 et
857 3801 989 3850 vicinorum
1009 3799 1151 3912 pppidorum
1173 3800 1259 3849 incolis
1280 3816 1377 3865 persua·

220 3866 664 3994 mlnllh⁰lz⁹nl.:ss¹l².ltl
673 3881 784 3997 llll:
815 3865 1096 3996 salsedinem
1114 3929 1144 3979 a
1164 3929 1238 3977 nm
1258 3938 1308 3979 ..a
1326 3945 1377 3978 ....

219 3990 270 4039 vid.
282 3991 347 4058 apud
359 3994 506 4044 Bentleium.
814 3995 868 4061 gica
880 3994 1121 4044 circumferebantur:
1140 3996 1245 4042 mascula
1263 3995 1377 4051 libidinis,

253 4058 360 4106 29-40.
377 4060 465 4108 Abanta
477 4062 544 4109 nulla
562 4062 616 4109 Veia
630 4063 781 4110 consolastis:
815 4060 908 4109 Graecis
925 4059 1044 4125 ejusmodi
1061 4059 1158 4115 femina,
1178 4075 1232 4122 quse
1249 4059 1302 4123 ipsa
1322 4059 1377 4107 libi-

223 4122 295 4176 Veia.
315 4138 370 4195 quse
391 4139 407 4172 a
427 4140 452 4173 re
472 4125 542 4190 juna
561 4142 586 4175 se
606 4142 653 4175 non
673 4124 736 4189 abigi
758 4132 783 4175 et
814 4124 864 4173 dini
882 4141 933 4173 sure
953 4134 1035 4172 canna
1050 4124 1116 4187 leges
1133 4132 1224 4172 nature
1241 4124 1379 4173 satisfacere

220 4185 333 4235 deterreri
351 4187 483 4253 patiebatur
499 4190 603 4248 sceleris,
619 4188 683 4255 quod
700 4206 782 4255 perpe·
815 4190 902 4248 studet,
924 4190 1011 4253 spilldc
1031 4188 1133 4237 dicitur:
1159 4188 1208 4237 vid.
1232 4188 1340 4237 Martini.
1359 4188 1377 4245 i,

219 4259 299 4309 treret,
327 4252 481 4311 conscientia,
509 4256 602 4305 humum
625 4257 781 4312 exhauriebat,
814 4256 855 4311 91,
874 4263 898 4303 et
915 4256 949 4303 cf.
964 4253 1077 4303 Juvenal.
1094 4252 1127 4309 vi,
1143 4254 1201 4301 ³10.
1231 4256 1317 4311 Otiose,
1335 4253 1377 4317 jn·

219 4316 328 4365 scrobem
348 4317 490 4378 effodiebam
516 4322 631 4385 ingemens
658 4322 781 4377 laboribus,
814 4319 920 4368 cundum
937 4318 1060 4367 literarum
1074 4318 1211 4367 amentibus
1224 4317 1299 4367 otium
1316 4333 1377 4383 pra-

220 4380 382 4445 signlficanter
399 4381 430 4431 de
444 4383 537 4433 duriore
553 4385 642 4441 labore,
658 4384 700 4451 qui
717 4382 782 4433 omni
814 4382 887 4432 bens:
912 4383 944 4433 de
965 4384 1070 4446 Neapoli,
1091 4383 1220 4431 studiorum
1240 4382 1306 4437 sede,
1326 4381 1376 4430 vid.

219 4444 305 4495 virium
329 4446 383 4495 nisu
406 4446 468 4497 inter
489 4449 590 4513 gemitus
613 4458 637 4499 et
662 4448 782 4497 anhelitus
816 4448 964 4499 Wernsdorf.
985 4447 1016 4496 sd
1039 4448 1119 4497 Poett.
1139 4448 1204 4495 hlin.
1224 4448 1254 4494 Τ.
1275 4447 1309 4501 iv,
1327 4447 1377 4493 Ex-

219 4508 407 4575 perficitur:'sic
418 4512 464 4561 fere
476 4514 541 4579 apud
555 4514 623 4577 Virg-
636 4515 698 4565 Geo.
711 4513 727 4571 i,
741 4514 782 4570 48,
815 4528 879 4561 curs.
897 4514 932 4569 ix,
947 4529 972 4577 p.
992 4514 1049 4562 ³95.
1082 4511 1130 4561 Sed
1149 4513 1189 4561 Cl.
1207 4510 1378 4561 lilitsch.ideo

220 4586 304 4623 taurru
318 4586 398 4625 aratro
415 4580 529 4643 ingemere
546 4578 640 4627 dicitur.
669 4580 720 4635 Quo
733 4594 783 4641 por·
817 4577 1014 4643 nuncNespolin
1030 4575 1221 4625 otiosamdictsm
1233 4590 1285 4622 esse
1301 4584 1378 4639 putat,

219 4650 252 4688 set
282 4640 379 4705 infossus
404 4658 463 4703 puer
491 4643 570 4707 Longa
592 4646 629 4691 die
651 4646 684 4693 bis
707 4654 784 4706 terque
816 4642 881 4706 quod
902 4641 1017 4697 Romani,
1036 4640 1175 4689 amaenitate
1194 4638 1298 4713 regionis
1316 4639 1379 4687 invi·

219 4714 315 4753 mutate
338 4708 404 4769 dapis
427 4705 527 4755 lrsemori
549 4710 684 4770 rpectaeula,
705 4716 732 4757 ut
751 4708 784 4757 ibi
817 4707 869 4763 lati,
890 4722 920 4757 eo
943 4705 1053 4756 secedere
1079 4704 1143 4753 soliti
1168 4704 1264 4753 fuennl.
1310 4702 1379 4753 Idem

219 4767 326 4817 infossus
342 4785 402 4835 puer
418 4770 532 4837 adspectu
549 4772 709 4838 appositarum
726 4788 784 4838 epu·
818 4771 877 4820 mihi
903 4772 1004 4821 ridetur.
1047 4769 1102 4818 Voce
1132 4770 1246 4824 Thessala,
1276 4768 1380 4819 cumina

793 4854 804 4885 a

1041 3864 1123 3922 dubie,
1136 3864 1200 3930 quod
1216 3865 1241 3913 in
1258 3865 1302 3913 hac
1315 3880 1376 3931 pra·
