3659 5892
650 498 818 565 LIBER
840 497 869 577 1,
892 500 924 562 7.

227 656 271 719 25
293 653 423 727 Quodsi
437 674 489 717 me
503 652 594 718 noles
609 675 747 737 usquam
760 652 942 728 discedere,
958 650 1077 715 reddes

293 755 393 819 Forte
406 755 504 832 latus,
519 755 632 839 nigros
645 764 786 839 augusta
799 752 906 819 fronte
922 752 1074 836 capillos;

293 856 431 923 Reddes
446 856 542 921 dulce
555 856 663 940 loqui3
685 856 806 919 reddes
820 855 928 918 ridere
944 854 1109 931 decorum,
1125 862 1159 919 et

294 958 385 1022 Inter
398 960 474 1022 vina
488 957 599 1043 sugam
613 957 742 1021 Cinarae
757 977 895 1021 moerere
910 965 1082 1040 protervae.

292 1059 393 1124 Forte
407 1082 469 1144 per
481 1070 652 1144 angustam
666 1058 772 1122 tenuis
787 1056 935 1121 nitedula
948 1057 1061 1121 rimam

229 1162 273 1226 30
294 1160 460 1245 Repserat
473 1162 508 1225 in
522 1182 685 1225 cumeram
698 1158 869 1237 frumenti3
892 1168 1052 1243 pastaque
1067 1180 1181 1223 rursus

294 1262 347 1327 lre
362 1261 450 1327 foras
464 1261 562 1346 pleno
580 1262 739 1326 tendebat
752 1282 890 1345 corpore
904 1258 1044 1325 frustra:

294 1364 358 1429 Cui
370 1362 510 1428 mustela
523 1363 651 1448 procul,
667 1362 705 1425 Si
719 1362 779 1439 vis,
795 1362 851 1439 ait,
866 1360 1015 1446 effugere
1029 1362 1137 1437 istinc,

295 1466 411 1529 Macra
425 1487 539 1530 carum
553 1474 683 1549 repetes
697 1474 834 1541 arctum,
849 1486 947 1548 quem
960 1462 1069 1529 macra
1084 1462 1211 1527 subisti.

294 1566 369 1631 Hac
383 1590 446 1652 ego
461 1568 489 1631 si
504 1567 680 1651 compellor
693 1566 843 1651 imagine,
859 1576 978 1631 cuncta
992 1567 1139 1650 resigno:

230 1669 274 1733 35
294 1668 369 1733 Nec
385 1690 532 1733 somnum
545 1668 652 1753 plebis
667 1666 777 1745 laudo,
793 1678 885 1733 satur
899 1667 1047 1744 altilium,
1063 1688 1122 1731 nec

296 1769 376 1834 Otia
392 1770 512 1834 divitiis
526 1767 677 1833 Arabum
690 1768 856 1834 liberrima
872 1778 974 1833 muto.

296 1871 393 1956 Saepe
406 1871 627 1935 verecundum
640 1870 799 1949 laudasti;
823 1892 947 1954 rexque
962 1880 1121 1955 paterque

295 1970 432 2037 Audisti
445 1994 571 2051 eoram3
595 1996 655 2039 nec
670 1974 770 2037 verbo
784 1972 916 2057 parcius
932 1974 1068 2037 absens:

211 2158 236 2207 b.
251 2173 275 2207 e.
294 2158 428 2208 secundum
448 2160 486 2209 vel
506 2160 579 2225 juxta
598 2160 696 2209 laudem
717 2176 768 2208 me·
800 2157 992 2215 scerem‚oumis
1008 2172 1023 2207 a
1039 2164 1062 2207 te
1075 2162 1174 2223 accepte
1185 2154 1281 2205 reddere
1291 2170 1360 2221 pere·

210 2222 345 2285 rantis),ut
360 2224 414 2271 laus
498 2225 524 2272 ui
540 2224 571 2272 de
587 2240 626 2273 me
640 2225 702 2273 bene
718 2239 768 2272 me·
800 2230 839 2271 tus
860 2238 924 2271 sum.
971 2222 1084 2271 Nitedala
1106 2228 1131 2271 et
1153 2222 1234 2277 nitela,
1258 2218 1363 2268 murium

210 2287 285 2334 sends
300 2288 414 2351 postulat,
424 2233 523 2352 mm
540 2303 579 2336 me
595 2289 713 2353 prestabo
728 2302 769 2336 ee-
802 2287 930 2349 agrestium
943 2301 1031 2351 genus:
1048 2286 1148 2334 formata
1158 2284 1210 2333 bec
1220 2283 1366 2333 vorridetur

211 2350 287 2415 ceptis
309 2351 450 2413 beneficiis;
470 2352 530 2409 sire,
550 2367 595 2415 ego
615 2367 711 2417 quoque
733 2366 770 2400 re-
803 2353 930 2407 anitendo,
942 2353 1056 2409 evellendo,
1068 2349 1127 2413 quia
1142 2364 1222 2397 mures
1238 2348 1301 2396 saltu
1312 2348 1364 2396 eui·

211 2414 333 2478 spondebo
360 2415 430 2464 donis
459 2432 514 2481 que
544 2418 575 2463 sb
602 2416 691 2479 insigni
718 2431 772 2465 meo
803 2414 920 2463 tunturin
931 2416 983 2464 loca
992 2414 1125 2481 superiora:
1143 2422 1209 2469 sunt,
1218 2412 1261 2477 qui
1270 2420 1364 2477 putent,

212 2488 311 2541 patrono
324 2480 415 2544 accepi.
803 2482 900 2527 nitelam
929 2496 971 2527 seu
1001 2480 1129 2527 nitedulas·
1157 2492 1210 2526 esse
1240 2476 1365 2525 bestiolam

245 2544 286 2591 25.
304 2544 390 2596 Quodsi
406 2562 440 2593 me
458 2546 519 2594 soles
535 2560 630 2607 usquam
645 2545 772 2592 ducedm:
804 2558 878 2655 puam
900 2542 982 2593 Graeci
1004 2542 1089 2591 dicunt
1109 2540 1297 2607 ὃενδροβὰτην,·
1323 2540 1366 2589 sed

213 2606 298 2673 quodsi
316 2608 409 2672 cupies,
422 2624 461 2658 me
477 2624 596 2672 nusquam
616 2622 632 2655 a
648 2615 673 2655 te
690 2608 772 2669 abire3
819 2606 972 2671 ινδροβάτης
986 2607 1045 2656 mibi
1055 2606 1237 2671 videturpotius
1251 2619 1304 2653 esse
1319 2603 1366 2653 sci·

213 2669 255 2718 s'ed
266 2685 359 2736 semper
367 2672 412 2720 tibi
424 2674 510 2722 Βοιιιιο
523 2671 607 2721 adesse
617 2680 642 2719 et
651 2671 720 2721 lateri
731 2680 773 2720 ιιιο
804 2686 862 2719 urus
874 2674 933 2736 (dar
945 2671 1087 2731 Birthon),
1097 2669 1141 2734 qui
1151 2684 1199 2719 nou
1215 2684 1295 2734 repere
1306 2668 1367 2717 solet

214 2733 341 2792 adherere,
354 2736 478 2800 pristinam
490 2735 593 2801 corporis
604 2734 737 2785 firmitatem
748 2744 775 2785 et
804 2734 830 2784 in
839 2735 1093 2800 eameramframeatt:
1108 2734 1138 2783 de
1146 2750 1245 2789 ramera,
1254 2732 1304 2781 rid.
1312 2747 1368 2797 sup.

213 2798 338 2862 pristinum
349 2799 539 2865 animivigorem
553 2799 613 2847 mibi
628 2800 713 2849 reddas
730 2816 772 2849 ne-
804 2799 925 2857 adstiti,
940 2800 1015 2855 1,53.
1048 2800 1097 2847 Pro
1107 2800 1212 2847 nitedula
1224 2811 1306 2845 omues
1316 2796 1366 2844 iere

214 2872 335 2911 cesseest.
804 2863 876 2912 codd.
889 2862 1004 2912 exhibent
1017 2864 1149 2927 vulpecula.
1181 2860 1228 2909 Sed
1239 2858 1293 2925 quis
1303 2859 1367 2909 banc

246 2926 287 2975 26.
298 2927 367 2975 Ferte
378 2929 449 2975 latas.
472 2928 590 2977 Latusvei
600 2930 674 2975 latera
684 2925 775 2991 passim
806 2927 932 2977 lectionem
945 2942 992 2975 nou
1004 2926 1034 2975 ad
1045 2926 1193 2975 librariorum
1204 2924 1296 2973 somnia
1307 2924 1367 2973 reie-

214 2988 245 3038 de
256 2991 466 3055 corporisviribus‚
475 2991 534 3055 quia
543 2990 683 3040 tarnririum
693 2992 773 3047 robur,
807 2994 861 3039 ratl
894 2992 943 3041 Vel
953 2990 1008 3056 quis
1018 2990 1145 3039 Horatium
1157 3004 1232 3055 usque
1247 3004 1276 3038 eo
1289 3004 1368 3037 rerum

214 3069 288 3118 quam
298 3070 381 3103 earum
396 3055 512 3113 delectus,
526 3056 552 3103 in
567 3055 680 3104 lateribus
691 3056 775 3120 preci·
809 3056 954 3104 naturalium
971 3055 1003 3103 im
1021 3055 1108 3104 eritum
1127 3053 1200 3103 fuisse
1219 3052 1265 3102 sibi
1285 3053 1368 3117 fingat,

215 3133 261 3181 pue
272 3118 373 3167 sentitur
380 3135 388 3178 ;
405 3120 521 3167 Horatius
530 3120 612 3183 igitur,
624 3119 681 3183 quia
691 3134 775 3183 corpo·
808 3128 836 3168 ut
845 3120 971 3182 vulpecula
1012 3120 1078 3184 rquid
1090 3119 1204 3167 tribueret
1219 3116 1369 3229 quodpiam

215 3182 319 3231 risvires
329 3197 383 3230 eum
399 3183 499 3232 delicere
510 3191 642 3249 coeperant,
652 3183 718 3232 reddi
730 3183 776 3231 sibi
807 3184 860 3248 ejus
877 3192 969 3232 naturas
985 3186 1118 3248 repugnat!
1151 3182 1217 3231 Hinc
1234 3182 1287 3229 lien
1307 3181 1369 3238 eius,

215 3254 281 3311 optat
291 3247 360 3310 forte
376 3248 446 3295 latas.
481 3248 567 3321 Nigroe
583 3258 684 3309 angusta
692 3247 777 3311 frome
807 3248 849 3310 qui
860 3247 949 3297 destris
965 3248 1047 3296 Musis
1057 3247 1187 3310 dextroque
1199 3246 1314 3311 Apolline
1331 3261 1368 3294 re-

215 3312 322 3371 capillas:
336 3325 393 3375 ergo
410 3311 477 3375 niger
492 3312 550 3360 olim
566 3312 679 3376 capillus,
691 3310 776 3359 frontis
808 3311 887 3360 stituit
897 3314 1012 3367 nitedula,
1023 3312 1068 3360 sibi
1081 3320 1210 3375 temperare
1221 3324 1269 3357 nen
1314 3308 1369 3367 tuit,

216 3372 776 3503 “emittentem
800 3375 1371 3503 lllffilttltlttlt‘ltlttlt*

281 3470 289 3485 ⁰
877 3476 884 3496 r
1029 3475 1037 3495 ι
1152 3474 1159 3497 ι
1281 3474 1287 3485 ·
1359 3463 1370 3476 ’

213 3510 344 3561 protum:
365 3502 469 3567 respexit
492 3480 609 3551 liuterius
632 3518 680 3551 rem
703 3518 776 3567 quam
808 3502 1155 3566 mentonescitarvulprealal”
1185 3502 1217 3550 Et
1227 3509 1306 3550 umen
1318 3502 1370 3550 lue·

216 3564 361 3625 ignoremus.
379 3566 490 3615 Fortasse
496 3567 586 3616 Cinara
591 3576 699 3628 proterea
709 3571 776 3631 (nos,
808 3575 864 3616 runt
874 3576 955 3616 nostra
965 3574 1043 3623 aetate,
1053 3566 1095 3632 qui
1106 3566 1253 3615 stultissime
1261 3565 1372 3615 lectionis

215 3630 352 3685 aelmaer,
377 3629 535 3695 scialkhaft)‚
562 3646 619 3678 eum
645 3631 777 3696 aliquando
808 3631 968 3698 patrocinium
981 3630 1141 3697 susciperent!

259 3693 585 3751 tamatoriam,ntvidetnr‚
598 3694 778 3743 altercationem
842 3698 884 3745 31.
909 3696 991 3751 Pleno,
1018 3694 1051 3743 im
1069 3694 1117 3743 leto
1144 3692 1256 3742 frumenti
1283 3693 1374 3757 granis.

243 3756 315 3819 gisset
327 3757 463 3813 Horatium,
476 3758 522 3806 bac
539 3759 596 3821 luga
606 3758 660 3823 ejus
670 3759 776 3807 animum
809 3760 933 3815 Tendebat,
941 3712 1108 3817 contendebat,
1115 3756 1289 3823 significantius
1300 3772 1373 3822 qaam

216 3821 351 3885 oppleverat
371 3838 480 3878 moerore,
503 3837 576 3886 quem
597 3821 639 3871 iile
663 3838 694 3872 ne
717 3823 779 3872 inter
809 3825 927 3873 tentabat.

216 3885 304 3948 pocula
314 3884 412 3949 quidem
423 3886 574 3935 dissimulare
584 3886 673 3951 potuit.
706 3889 778 3937 Cete·
842 3890 884 3937 et.
901 3886 951 3935 Hos
967 3904 1007 3950 ega
1022 3890 1042 3935 si
1057 3886 1177 3949 canpellos·
1187 3886 1296 3959 imagine,
1309 3883 1330 3931 si
1341 3882 1372 3933 ad

217 3964 269 3996 rum
288 3949 386 4005 Cinara,
402 3958 430 3997 ιιι
447 3966 478 3997 es
496 3950 541 3998 boc
561 3950 616 3998 ioco
633 3960 739 4017 apparet,
755 3960 780 4001 et
810 3966 849 4001 me
858 3952 997 4000 transfertur
1008 3951 1060 4000 hac
1073 3951 1162 4008 tabula,
1192 3964 1372 4013 usstegoquo·

216 4026 271 4077 sup.
293 4012 342 4061 Od.
363 4013 395 4069 ir,
411 4016 434 4071 l,
455 4014 481 4070 3,
505 4016 531 4070 t,
550 4014 604 4061 Non
626 4031 684 4069 ram,
705 4017 781 4077 patalis
811 4031 859 4080 que
874 4016 921 4063 boe
937 4014 1046 4073 consilio,
1057 4023 1085 4064 ιιι
1095 4030 1187 4065 muneri
1204 4021 1293 4062 usate
1309 4012 1373 4061 ecci·

216 4092 278 4123 nam
288 4078 349 4125 bone
358 4078 404 4125 Sat
414 4094 484 4139 regno
495 4077 596 4131 Cinara,
609 4076 641 4125 ci.
650 4076 694 4126 ini.
703 4079 781 4144 Epist.
811 4078 905 4145 piendis
925 4080 1022 4136 fruerer,
1038 4078 1063 4127 in
1081 4088 1157 4136 tuam,
1170 4080 1302 4134 Maecenas,
1314 4076 1374 4125 arni-

217 4138 235 4195 ἱ,
247 4138 286 4195 li,
296 4139 338 4195 33,
347 4156 396 4205 prae
408 4140 463 4190 aliis
474 4141 586 4189 omnibus
597 4141 685 4207 puellis
696 4144 780 4208 placu-
811 4144 893 4192 citiam
908 4143 1060 4209 adrepserim,
1072 4150 1161 4192 cuncta
1172 4145 1271 4207 resigno,
1283 4140 1372 4189 reddo:

218 4202 264 4253 isse
275 4204 369 4253 ridetur
380 4205 489 4253 Horatio.
812 4224 868 4273 sup.
879 4206 929 4256 Od.
940 4206 975 4263 iii,
987 4210 1028 4264 29,
1038 4210 1079 4264 et,
1091 4211 1110 4257 si
1120 4208 1201 4255 celeres
1211 4209 1287 4269 qualit
1300 4206 1373 4271 (For-

249 4270 357 4318 29-39.
389 4269 458 4316 Forte
490 4285 533 4330 per
562 4278 694 4332 argentam,
721 4280 778 4321 cett.
811 4271 886 4329 tuna)
899 4272 1245 4336 Pennas,resignopurdedit.
1355 4322 1357 4327 ,

218 4347 295 4381 nexus
306 4332 493 4381 mutandarum:
512 4332 570 4380 Nou
583 4349 637 4382 sum
655 4333 726 4383 home
737 4337 780 4401 qni
843 4340 884 4393 35,
892 4336 933 4384 36.
948 4336 1101 4384 Neesomaam
1105 4336 1186 4397 plebis,
1194 4342 1250 4383 cett.
1273 4334 1375 4383 Sensum

218 4395 283 4461 apud
298 4405 332 4452 te,
351 4398 484 4452 Mwffl.
502 4396 569 4461 patei
585 4403 611 4445 et
626 4398 781 4462 pinguescere
811 4400 838 4449 bi
848 4399 897 4450 duo
904 4416 987 4449 versus
997 4400 1057 4449 mibi
1065 4398 1163 4448 brudere
1171 4398 1282 4447 videntur
1292 4396 1372 4446 bunc:

218 4460 298 4517 volui3
315 4476 363 4508 non
382 4459 408 4507 in
426 4459 524 4509 domum
543 4469 657 4518 lutumst
675 4462 782 4513 nitedula
814 4464 1023 4527 Quemadmodum
1041 4472 1121 4513 sutem
1141 4480 1186 4527 ego
1205 4478 1254 4509 non
1273 4460 1294 4509 is
1311 4477 1374 4519 sum,

218 4522 243 4571 in
264 4538 385 4573 cumeram
408 4523 530 4581 frumeuti,
553 4524 656 4591 irrepsi;
682 4542 738 4575 nem
760 4527 781 4576 si
813 4528 856 4595 qui
869 4536 923 4594 post
937 4544 1032 4578 coenam
1047 4528 1123 4593 plebis
1135 4542 1198 4589 more
1209 4540 1291 4574 somno
1302 4532 1326 4574 et
1337 4525 1375 4574 in·

219 4603 340 4653 comparor
362 4602 417 4635 cum
439 4587 548 4636 nitedula
570 4587 597 4636 in
618 4588 716 4649 tabulis,
739 4593 782 4656 qni
814 4594 879 4643 estin
897 4592 1021 4657 indulgere
1037 4594 1142 4658 cupiam,
1159 4591 1194 4639 ita
1212 4589 1273 4639 illud
1290 4588 1374 4646 otium,

219 4652 290 4702 unice
300 4650 457 4718 spectaverim
467 4650 521 4707 boc,
534 4659 562 4700 ut
571 4652 637 4718 apud
647 4662 671 4702 te
681 4655 781 4719 pingue·
815 4657 857 4706 ubi
875 4656 950 4707 libere
966 4656 1024 4707 mibi
1038 4656 1116 4709 vivere
1127 4664 1151 4705 et
1161 4654 1247 4705 studiis
1263 4652 1322 4703 meis
1333 4668 1374 4703 ιιι-
