3659 5892
471 501 511 564 10
902 495 1198 563 CARMINUM

554 650 607 717 Ac
623 675 728 738 neque
739 653 807 738 jam
821 649 957 716 stabulis
972 651 1095 736 gaudet
1110 671 1223 735 pecus,
1239 658 1296 712 aut
1310 657 1420 711 arator
1434 647 1514 732 igni,

598 755 672 820 Nec
687 768 781 840 prata
795 756 884 820 canis
899 754 1043 819 albicant
1056 753 1193 838 pruinis.

510 859 531 923 5
551 858 574 924 J
576 882 627 923 am
642 859 807 944 Cytherea
821 857 939 922 choros
955 857 1046 921 ducit
1060 856 1186 932 Venus,
1201 855 1386 920 imminente
1399 853 1516 930 Luna:

596 962 619 1025 J
621 972 791 1047 unctaeqne
805 959 971 1046 Nymphis
986 959 1113 1023 Gratiae
1128 959 1282 1031 decentes

553 1061 691 1128 Alterno
706 1075 825 1128 terram
840 1063 992 1147 quatiunt
1006 1061 1103 1146 pede,
1120 1060 1198 1124 dum
1212 1081 1329 1144 graves
1344 1058 1524 1144 Cyclopum

597 1165 765 1230 Vulcanus
781 1165 899 1230 ardens
914 1165 981 1228 urit
996 1163 1151 1228 officinas.

552 1268 652 1333 Nunc
667 1268 762 1332 decet
777 1278 834 1332 aut
848 1267 944 1331 viridi
955 1266 1097 1330 nitidum
1111 1275 1211 1351 caput
1225 1265 1382 1349 impedire
1397 1276 1513 1349 myrto,

490 1370 532 1435 10
595 1368 666 1434 Aut
680 1369 772 1447 flore,
789 1379 884 1433 terra
899 1391 996 1453 quem
1011 1367 1120 1432 ferunt
1135 1366 1261 1432 solutae.

551 1472 651 1538 Nunc
666 1482 700 1536 et
714 1472 747 1536 in
762 1472 923 1536 umbrosis
938 1469 1053 1534 Fauno
1067 1470 1164 1534 decet
1177 1469 1341 1534 immolare
1355 1468 1449 1545 lucis,

594 1574 661 1639 Seu
676 1584 790 1658 poscat
804 1595 899 1659 agna,
916 1573 983 1636 sive
997 1571 1088 1636 malit
1101 1571 1210 1637 haedo.

550 1676 677 1742 Pallida
691 1675 785 1741 Mors
800 1697 895 1759 aequo
907 1673 1019 1760 pulsat
1032 1674 1118 1758 pede
1132 1695 1314 1758 pauperum
1329 1674 1492 1751 tabernas,

594 1779 789 1864 Regumque
804 1789 921 1843 turres·
969 1777 1001 1840 Ο
1015 1777 1112 1841 beate
1128 1777 1233 1854 Sexti,

488 1883 529 1947 15
549 1883 638 1948 Vitae
654 1905 776 1948 summa
790 1882 897 1947 brevis
913 1902 1005 1964 spem
1019 1902 1079 1944 nos
1093 1890 1182 1944 vetat
1197 1878 1349 1944 inchoare
1364 1877 1503 1962 longam.

593 1984 616 2050 J
618 2009 669 2048 am
684 1996 715 2049 te
731 1996 856 2070 premet
870 2007 947 2060 nox,
961 1981 1145 2066 fabulaque
1161 1981 1290 2060 Manes,

464 2119 496 2168 ad
505 2127 580 2184 poete
589 2119 615 2168 in
623 2119 730 2185 ejusdem
738 2119 771 2168 rei
780 2117 919 2173 tractatione
930 2117 1025 2184 copiam
1056 2117 1123 2167 sodet
1133 2117 1224 2168 interea
1234 2118 1260 2166 in
1269 2117 1326 2176 otio,
1335 2116 1377 2166 sed
1389 2132 1434 2165 suo
1461 2132 1543 2182 noque
1553 2121 1623 2183 operi

463 2183 1025 2250 stubertatemperspiciendamhoccurncarm.
1056 2182 1214 2233 intentusest.
1238 2183 1294 2232 Non
1304 2190 1384 2230 sutem
1395 2180 1448 2230 deo
1472 2182 1622 2245 cina,quam

464 2249 508 2298 lib.
519 2249 550 2304 iv,
563 2249 577 2297 7
590 2257 615 2298 et
628 2251 657 2297 12
668 2250 846 2314 comparabunt.
1057 2248 1189 2297 secundum
1204 2249 1304 2296 Homer.
1315 2247 1387 2295 Iliad.
1400 2246 1466 2303 xviii,
1477 2249 1535 2304 369,
1547 2248 1573 2296 in
1585 2251 1621 2298 0-

497 2316 522 2362 2.
540 2313 688 2376 Trahnntqne
703 2317 773 2361 siccos
792 2315 902 2362 nmclrinoe
918 2317 1026 2363 surinus:
1056 2312 1066 2360 1
1107 2311 1622 2378 pohabetVulcnnus,cogitandumest;sed

465 2379 491 2427 h.
503 2395 526 2428 a.
539 2387 564 2427 et
580 2393 652 2427 naves
669 2378 694 2427 in
711 2378 776 2436 litus,
790 2387 815 2426 ut
829 2394 870 2444 per
882 2377 984 2427 hiemem
999 2379 1024 2426 in
1056 2328 1157 2426 allemaliis
1173 2376 1282 2434 officinis,
1294 2392 1355 2452 quas
1366 2385 1445 2451 poete
1460 2376 1517 2426 huic
1532 2377 1577 2427 deo
1594 2379 1621 2430 in

465 2443 530 2492 sicco
558 2451 654 2500 starent,
680 2442 813 2500 subductae,
840 2459 882 2509 per
908 2445 1026 2492 annotinas
1057 2441 1143 2490 insulis
1152 2451 1175 2491 et
1186 2441 1315 2498 montibus,
1323 2457 1373 2504 rgnr
1383 2441 1537 2491 subterraneo
1545 2443 1621 2508 inpri-

466 2508 504 2573 (h.
519 2523 542 2557 e.
560 2507 700 2572 phalangas,
716 2506 871 2558 instrumenta
888 2507 981 2572 lignes)
1000 2507 1026 2557 in
1057 2507 1112 2563 mis,
1119 2523 1191 2582 quern
1199 2506 1357 2562 e'aculantur,
1366 2505 1438 2561 notis,
1448 2505 1621 2570 adsignarunt5

465 2587 530 2622 mare
541 2572 699 2621 deducuntur.
1056 2570 1086 2620 de
1097 2573 1209 2636 quibusc
1221 2571 1278 2619 .Ill.
1287 2571 1368 2636 Heyn.
1378 2570 1409 2619 sd
1420 2570 1489 2634 virg.
1500 2573 1561 2620 AEn.
1568 2572 1620 2632 viii,

498 2639 521 2686 4.
547 2639 616 2684 Canis
638 2637 759 2702 epitheton
778 2651 874 2690 ornans,
892 2633 923 2683 ad
943 2635 1024 2685 album
1057 2638 1114 2684 416.
1147 2637 1214 2692 Jam,
1227 2635 1247 2684 si
1264 2651 1346 2684 rerum
1365 2644 1409 2694 cst,
1441 2635 1491 2684 uod
1508 2638 1620 2687 nonnulli

465 2701 532 2757 roris,
546 2700 588 2775 qui
603 2701 693 2766 frigidis
709 2702 817 2751 noctibus
832 2699 946 2766 injicitur,
959 2701 1024 2748 colo·
1056 2701 1215 2766 suspicantur,
1235 2700 1362 2750 Horatium
1383 2700 1409 2748 in
1424 2653 1445 2749 h

1446 2716 1475 2749 ac
1494 2701 1557 2750 veris
1577 2703 1620 2753 de·

466 2781 515 2814 ram
525 2766 709 2830 designandum.
1056 2765 1184 2831 scriptione
1199 2775 1293 2833 poetam
1310 2765 1430 2831 quendam
1446 2765 1565 2824 Siculum,
1578 2769 1621 2818 cni

461 2847 465 2854 ·
498 2833 522 2889 5,
541 2832 566 2879 6.
589 2831 734 2879 Suavissima
754 2831 832 2894 imago
852 2828 962 2886 Veneris,
979 2830 1026 2878 sub
1056 2831 1554 2896 monsAEtnaobvorsaretur‚expressisse;
1570 2848 1620 2884 non

460 2895 526 2944 ueris
555 2895 658 2944 adventu
686 2895 711 2944 in
737 2896 813 2954 terris,
835 2895 876 2944 uhi
898 2894 979 2944 omnia
1000 2895 1024 2942 vi
1055 2894 1159 2944 dubitari
1177 2904 1262 2962 potest,
1281 2896 1341 2970 quin
1358 2894 1465 2945 Vulcani
1483 2897 1576 2959 officim
1592 2903 1620 2947 fn

433 2959 440 2974 ‘
465 2975 509 3008 sua
536 2961 567 3008 ad
586 2961 757 3025 procreandum
778 2960 869 3025 implet.
894 2960 941 3020 (cf.
965 2961 1024 3008 Per·
1055 2971 1130 3009 monte
1138 2962 1208 3009 AEtno
1219 2959 1375 3024 intelligenda
1385 2960 1424 3008 sit.
1459 2960 1620 3026 Pingeigitur

464 3024 531 3088 vigil.
552 3027 641 3073 Vener.
659 3040 683 3074 v.
703 3025 823 3088 63-67,)
845 3024 981 3074 Gratiarum
1001 3032 1026 3072 et
1055 3024 1101 3072 tihi
1109 3027 1228 3075 Venerem
1236 3026 1262 3072 in
1272 3024 1434 3073 amoenissima
1442 3025 1507 3073 circa
1516 3027 1620 3076 ιΕιιιιιιιι

466 3089 631 3155 Nymphanrm
662 3090 798 3138 saltantium
829 3089 913 3138 choros
943 3089 1025 3139 mode·
1055 3089 1152 3154 regions
1163 3091 1261 3139 choreas
1275 3105 1332 3138 curn
1344 3089 1435 3140 Gratiis
1448 3090 1620 3158 Nymphisque

461 3155 539 3203 ⁴rantis
549 3155 554 3201 l
590 3155 653 3203 Vere
665 3165 743 3204 autem
761 3155 868 3221 inprimis
880 3163 953 3202 terras
963 3153 1025 3201 invi·
1057 3153 1192 3210 ducentem,
1201 3155 1225 3203 in
1237 3153 1289 3219 ejus
1295 3154 1416 3202 vicinitate
1427 3163 1506 3202 autem
1516 3157 1538 3205 V
1540 3159 1619 3206 eneris

465 3233 516 3268 sere
534 3218 673 3268 credebatur
690 3221 782 3268 Venus.
816 3221 911 3267 Lucret.
928 3234 951 3275 v,
966 3219 1023 3277 7³6,
1056 3219 1167 3267 maritum
1176 3219 1315 3268 Vulcanum
1325 3218 1390 3292 operi
1400 3233 1445 3266 suo
1455 3218 1618 3280 insudantem,

465 3283 488 3331 It
511 3301 558 3342 ver,
578 3293 600 3330 et
623 3284 705 3342 Venas,
726 3295 747 3332 et
771 3285 862 3331 Veneris
879 3287 1025 3345 prenuntiat
1056 3283 1134 3331 etsie
1154 3284 1233 3333 animo
1252 3284 1373 3349 concipies
1394 3282 1523 3347 imaginem
1545 3286 1619 3350 longa

459 3359 518 3396 onte
534 3349 651 3397 Pina-atos
664 3351 776 3415 graditur
792 3349 909 3412 zeplynn
926 3351 1023 3412 vestigio
1055 3348 1229 3397 suavissimam.
1257 3351 1371 3398 Ceterum
1383 3349 1506 3412 quaerenti,
1516 3365 1561 3398 cur
1571 3353 1619 3402 sub

463 3423 562 3476 propter.
597 3414 717 3476 Cytheren,
732 3414 762 3461 ab
778 3411 857 3461 insula
875 3411 981 3478 Cythera
997 3411 1023 3460 iu
1054 3411 1116 3460 reris
1126 3412 1274 3478 potissimum
1283 3412 1352 3461 initio
1359 3413 1485 3461 Vulcanus
1495 3415 1561 3478 operi
1572 3431 1619 3465 suo

463 3476 518 3526 sinu
544 3477 673 3534 Laconico,
698 3477 800 3527 Veneris
825 3477 892 3525 cultu
915 3475 1023 3551 inprimis
1054 3475 1179 3526 insudasse
1199 3477 1301 3534 dicatur,
1321 3477 1441 3541 ingeniose
1461 3479 1563 3528 Vossius
1584 3481 1618 3530 ad

461 3543 592 3591 celebrata.
626 3543 723 3600 Gratia,
740 3541 842 3591 assidua
862 3543 963 3590 Venena
982 3557 1023 3589 co·
1057 3541 1128 3606 Virg.
1145 3545 1208 3592 Geo.
1228 3542 1245 3600 i,
1262 3543 1308 3591 311
1325 3559 1379 3608 sqq.
1394 3542 1533 3608 respondet:
1551 3547 1618 3610 quod

464 3607 533 3656 mites
546 3615 571 3656 et
586 3607 708 3663 ministra,
721 3607 834 3655 dicuntur
845 3609 954 3663 decentes,
967 3606 1025 3670 quis
1056 3605 1097 3654 ille
1113 3624 1167 3656 vere
1185 3606 1300 3673 inprimis,
1319 3623 1369 3672 quo
1387 3608 1475 3656 crebre
1498 3608 1524 3657 in
1543 3611 1618 3662 Italia

465 3672 496 3720 ad
511 3688 581 3722 omne
597 3672 661 3736 quod
678 3671 804 3737 pulchrum
821 3679 845 3721 et
860 3670 972 3719 decomm
989 3681 1026 3719 est
1052 3678 1209 3737 tempestates·
1224 3689 1280 3721 curn
1298 3671 1388 3721 tonitru
1403 3673 1498 3739 concipi
1515 3674 1541 3722 in
1561 3690 1616 3726 aere

464 3751 489 3785 se
506 3747 660 3802 componunt,
676 3747 700 3786 ct
715 3737 829 3785 saltantes
846 3752 942 3802 quoquo
959 3736 1023 3784 hunc
1053 3735 1156 3794 soleant,
1167 3737 1307 3786 fulminibus
1317 3735 1476 3802 procudendis
1489 3748 1514 3787 et
1525 3754 1616 3806 suppe-

464 3802 591 3850 amabilem
602 3801 709 3851 decorem
721 3809 822 3849 servant.
846 3803 938 3849 Jnnrtae
948 3801 1023 3864 Nym·
1054 3799 1160 3849 ditandis
1179 3802 1349 3887 operandam
1368 3800 1484 3851 debuerit.
1517 3805 1616 3863 Graues,

461 3868 521 3928 plis,
565 3883 672 3916 rmanus
683 3881 768 3932 nempe
780 3866 804 3914 in
815 3865 950 3914 saltatione.
982 3865 1023 3915 Cl.
1055 3865 1618 3932 obgraveshyclopibusibiobeundoslahores.

464 3931 537 3979 Mitsc
558 3967 564 3978 .
582 3946 633 3979 com
652 3940 703 3978 arat
723 3932 823 3979 Homer.
843 3931 875 3979 ll.
893 3930 919 3978 in
940 3929 1023 3994 Apoll.
1055 3931 1189 3988 ardenah.
1200 3947 1223 3980 e.
1235 3931 1335 3979 flammis
1346 3931 1465 3988 relucens,
1477 3933 1616 3998 utpulchre

461 4011 486 4044 v.
518 3997 573 4052 194,
601 3996 724 4056 ἀλλήλων
751 3995 793 4044 1πί
818 3998 911 4062 καρπῷ
937 3997 1022 4061 χεῖρας
1052 3995 1158 4069 explicat
1176 3995 1217 4045 Cl.
1234 3996 1335 4044 Mitsch.
1353 4013 1426 4060 qnenr
1442 3997 1506 4045 ride.
1541 3999 1615 4048 Fabri

461 4061 573 4126 ἔχουσαι.
1053 4076 1126 4115 eorm,
1149 4061 1206 4109 dum
1229 4061 1316 4109 ferrum
1339 4061 1447 4110 candens
1469 4062 1614 4128 procudunt,

497 4127 520 4182 7,
533 4127 557 4174 8.
575 4127 670 4172 Alter-no
680 4133 764 4173 terram
780 4127 890 4188 quatiunt
904 4126 968 4186 pede,
984 4141 1022 4173 or·
1051 4124 1099 4199 ipsi
1111 4124 1192 4174 ardere
1203 4124 1314 4173 videntur
1324 4125 1388 4189 ignis
1404 4127 1494 4190 fulgore
1510 4137 1534 4176 et
1548 4129 1616 4177 scin·

460 4199 519 4239 nate
533 4205 583 4255 pro,
601 4189 703 4246 saltant;
722 4187 887 4237 adnumerum
899 4190 1022 4238 cuimsal·
1052 4190 1114 4238 trllis
1128 4190 1280 4239 circumfusi:
1298 4189 1406 4238 similiter
1421 4207 1474 4257 sup.
1490 4191 1515 4248 ii,
1532 4194 1558 4250 2,
1575 4193 1614 4242 di·

460 4264 541 4304 tantes
561 4254 657 4304 alternis
679 4253 781 4318 pedihus
804 4261 888 4301 terram
910 4255 1021 4318 pulsant3
1054 4256 1351 4304 cebaturdcrteraruhcm.
1378 4257 1432 4304 Urit
1443 4257 1614 4319 asternacha.

462 4320 496 4368 sic
508 4332 592 4368 terram
607 4322 662 4381 pede
677 4322 773 4367 tundere
786 4318 815 4366 do
834 4318 960 4366 saltatione
977 4318 1021 4370 inf.
1053 4319 1163 4367 accendit
1184 4319 1299 4376 officinas,
1318 4320 1391 4392 paulo
1412 4321 1539 4370 sublimius
1559 4339 1612 4387 pro,

459 4385 487 4433 in
506 4384 584 4450 Epist.
594 4383 626 4432 ad
644 4383 695 4432 Pis.
708 4384 765 4441 430,
778 4385 852 4439 saliet,
869 4387 950 4432 tundet
964 4388 1022 4445 peda
1053 4384 1084 4432 ad
1105 4385 1222 4442 flammas,
1239 4399 1301 4450 quas
1321 4400 1347 4431 m
1369 4385 1470 4434 officinis
1491 4388 1613 4448 accendit,

461 4459 555 4498 terram.
589 4449 652 4496 Dum
667 4464 749 4512 gruum
766 4448 890 4511 Cyclopum
905 4447 1023 4496 Vulcanus
1052 4449 1188 4513 opusfacit.

461 4513 737 4576 ordensaritqffictnas:
753 4511 811 4560 dum
825 4513 951 4561 Vulcanus
966 4513 1016 4577 cy·
1081 4515 1172 4563 9-12.
1202 4513 1274 4562 Nunc
1295 4516 1360 4563 decet
1380 4524 1437 4564 cett.
1455 4515 1517 4573 vide,
1536 4532 1612 4581 quarn

460 4579 541 4644 clopes
551 4577 576 4625 in
587 4577 686 4626 officinis
697 4577 747 4625 suis
755 4587 857 4625 exercet.
891 4576 1017 4627 Vulcanus
1049 4578 1152 4627 suaviter
1164 4587 1234 4645 poeta
1246 4577 1367 4642 vulgarem
1384 4581 1611 4637 sententiantium

459 4659 554 4708 nempe,
563 4641 621 4691 dum
632 4658 691 4691 uxor
700 4641 753 4707 ejus
764 4651 868 4706 tempora
878 4640 940 4690 veris
950 4641 1019 4692 adest
1050 4646 1145 4700 latitia,
1157 4647 1188 4693 od
1206 4662 1273 4708 quom
1290 4647 1348 4691 anni
1363 4655 1450 4707 tempus
1464 4648 1558 4700 innitor.
1572 4650 1611 4694 r'a·

458 4708 487 4756 in
500 4707 574 4765 terris,
592 4715 615 4756 et
631 4707 711 4756 omnis
724 4705 747 4755 vi
765 4723 808 4759 sua
826 4706 1017 4764 foecundatam
1049 4710 1193 4774 dirigendam
1211 4721 1252 4768 cst,
1270 4716 1368 4758 externa
1382 4710 1514 4759 letantium
1531 4711 1610 4777 specie
