3659 5892
685 465 986 532 PRAEFATIO.
1354 472 1411 536 xiii

249 657 383 721 toritate
407 677 458 720 me
483 676 545 719 non
573 653 739 719 serviliter
761 653 890 718 stetisse
909 663 944 718 et
963 653 1172 738 pependisse,
1187 652 1277 718 baud
1296 677 1414 740 pauca,

248 776 311 840 ubi
336 777 380 840 ab
414 796 454 839 eo
489 772 665 849 dissentio,
697 771 775 835 satis
801 769 1169 836 declarant—Multum
1197 773 1343 856 praesidii
1370 773 1415 840 ed

249 893 389 958 Horatii
410 891 716 975 interpretationem
737 886 880 952 editione
904 887 1022 953 Romae
1037 886 1080 970 (a.
1101 889 1196 972 1811)
1210 910 1230 953 a
1243 889 1313 956 Fea
1325 891 1415 958 evul-

249 1022 332 1096 gata
347 1021 382 1074 et
395 1008 505 1074 multis
519 1007 696 1092 preconiis
712 1005 937 1072 commendata
957 1028 1010 1073 me
1030 1017 1202 1074 nacturum
1215 1029 1289 1074 esse
1304 1031 1416 1094 spera·

249 1151 386 1206 veram;
426 1127 485 1192 sed
512 1127 585 1192 baec
616 1147 693 1210 spes
722 1146 773 1189 me
802 1123 927 1190 fefellit.
972 1124 1073 1204 Nam,
1102 1136 1223 1211 preter
1250 1128 1415 1214 urgentem

248 1247 433 1314 lectionum
462 1267 481 1310 e
509 1243 620 1308 multis
650 1241 830 1308 Codioibus
858 1243 1097 1330 descriptarum
1124 1256 1159 1310 et
1186 1257 1416 1333 songesunm

251 1365 470 1450 farraginem,
487 1381 603 1445 pauca,
618 1382 692 1445 quae
707 1359 839 1424 Horatii
857 1359 1018 1426 editorem
1026 1364 1144 1448 juvare
1157 1365 1297 1450 possint,
1311 1364 1414 1434 babet

251 1482 312 1548 illa
331 1482 446 1547 editio.
501 1477 576 1543 Neo
597 1499 713 1563 parum
732 1479 767 1543 in
787 1501 827 1543 ea
846 1478 986 1545 offendit
1007 1482 1170 1547 acerbitas
1183 1492 1218 1548 et
1232 1481 1414 1568 petulantis

251 1623 324 1686 qua
346 1598 416 1664 Fea
438 1595 573 1661 insultat
596 1594 664 1661 fere
690 1594 852 1675 Bentleio,
872 1619 970 1681 quem
991 1607 1100 1665 umen
1118 1599 1218 1687 longe
1238 1600 1328 1669 illum
1347 1611 1413 1668 tam

252 1717 419 1784 doctrinm
441 1715 536 1799 eopia
554 1735 650 1800 qnam
674 1715 874 1780 accuratiore
890 1713 1020 1782 Latine
1032 1715 1154 1802 lingum
1168 1718 1304 1785 suenus
1317 1741 1414 1808 supe-

254 1858 342 1914 rare,
356 1835 434 1919 quis
449 1833 573 1916 estqui
583 1855 649 1898 non
664 1831 844 1918 intelligat?

300 1953 435 2020 ludices
446 1951 626 2018 Nominum
639 1961 674 2017 et
685 1951 873 2017 Verborum
885 1973 1005 2037 magna
1018 1951 1188 2038 diligentie
1200 1975 1253 2022 me
1266 1955 1415 2023 modera-

254 2083 328 2138 tore
342 2070 558 2138 confeeemnt
572 2079 640 2135 tres
651 2069 694 2136 ad
706 2069 834 2136 laudem
846 2069 1005 2136 doctrinm
1015 2069 1256 2142 efflorescentes
1262 2077 1413 2160 juvenes,

253 2191 364 2258 Clessi
377 2189 519 2254 Selectae
532 2189 567 2253 in
580 2187 760 2273 Gymnasio
773 2199 887 2254 nostro
901 2188 1070 2274 adscripti,
1083 2191 1221 2258 Carolus
1231 2191 1414 2260 Mattheus

255 2308 437 2392 Bamberg,
454 2307 635 2372 Eduardus
648 2305 833 2384 Reibstein,
847 2317 883 2372 et
890 2305 1001 2372 «Julius
1016 2307 1163 2389 Franck3
1177 2313 1269 2396 prior
1279 2313 1413 2397 quidem

254 2427 452 2502 Nominum,
478 2424 677 2509 posteriores
702 2423 889 2492 Verborum
914 2423 1071 2494 Iudicem.
1115 2428 1278 2496 Fecenmt
1303 2439 1413 2496 summ

255 2547 336 2612 dicti
354 2546 496 2630 juvenes
507 2544 576 2627 jam
598 2543 758 2628 ejusmodi
780 2543 814 2608 in
833 2545 993 2610 bonarum
1010 2545 1191 2614 litterarum
1204 2547 1322 2614 auidiis
1335 2569 1412 2632 pro·

254 2684 403 2748 gressus,
428 2672 466 2727 ut
488 2685 558 2738 eos,
585 2683 646 2726 suo
674 2671 820 2745 tempore
849 2663 964 2727 merita
988 2661 1086 2729 laude
1108 2675 1242 2732 ornatos
1266 2675 1302 2730 et
1328 2665 1413 2732 rudo

255 2782 409 2857 donatos,
437 2802 456 2844 e
481 2779 561 2844 ludo
591 2789 704 2844 nostro
732 2779 936 2848 discessuros
963 2804 1038 2848 esse
1062 2806 1130 2849 non
1154 2794 1221 2850 tam
1243 2805 1412 2870 speremus

256 2923 355 2984 quam
367 2897 586 2966 confidamus.

299 3018 458 3084 Ceterum
471 3014 550 3093 noli,
566 3035 690 3098 queso,
704 3013 949 3083 Humaniseime
973 3019 1105 3098 Lector,
1129 3031 1275 3106 peccota,
1289 3022 1412 3106 quibus

257 3135 401 3202 obnoxia
419 3145 472 3200 est
493 3133 638 3198 humans
656 3131 869 3212 imbecillitas,
885 3135 988 3202 oeulis
1004 3137 1147 3222 Lynceis
1160 3139 1281 3218 umeri,
1295 3161 1412 3226 specu·

257 3253 328 3332 lui,
343 3254 552 3338 investigare,
568 3261 604 3318 et
622 3252 816 3336 investigata
837 3264 946 3320 mente
966 3255 1079 3340 ἱηὶφιε
1099 3257 1284 3342 exagitare!
1329 3259 1412 3324 Pee-

258 3373 340 3438 eatis
352 3373 476 3438 oesiam
483 3371 637 3458 poscenti
651 3379 683 3436 te
696 3370 843 3455 dereses
856 3379 914 3437 cst.

341 3574 476 3655 Gotbae,
492 3557 758 3644 mense'danuar.
775 3569 983 3641 unoccxxrv.

1126 3779 1366 3847 DOERING.
