3659 5892
644 554 810 622 LIBER
832 555 877 634 ΙΙ,
905 558 932 621 l.

298 706 436 771 Sudoris
451 706 634 785 minimum3
659 709 718 773 sed
731 706 833 773 habet
847 708 1017 774 Comoedia
1033 718 1123 776 tanto

215 807 275 871 170
297 806 377 871 Plus
393 811 513 887 oneris,
529 820 652 893 quanto
666 811 769 876 venias
783 812 899 875 minus.
947 810 1105 897 Adspice,
1122 813 1259 879 Plautus

298 911 377 984 Quo
391 920 490 996 pacto
504 922 615 996 partes
632 922 758 977 tutetur
771 913 909 976 amantis
925 913 1062 997 ephebi!

296 1010 344 1075 Ut
358 1012 462 1097 patris
477 1015 604 1091 attenti,
619 1012 746 1078 lenonis
761 1024 799 1078 ut
812 1013 978 1079 insidiosi!

295 1113 448 1187 Quantus
464 1116 506 1181 sit
521 1116 716 1181 Dossennus
731 1116 888 1180 edacibus
900 1118 935 1180 in
950 1116 1119 1201 parasitis!

293 1215 403 1288 Quam
417 1240 482 1282 non
497 1218 655 1283 adstricto
665 1228 836 1302 percurrat
850 1217 978 1304 pulpita
993 1222 1107 1284 socco!

210 1317 271 1391 175
293 1316 405 1382 Gestit
419 1320 505 1384 enim
517 1341 682 1384 nummum
695 1320 730 1383 in
743 1318 868 1385 loculos
883 1320 1065 1400 demittere,
1081 1330 1157 1405 post
1171 1320 1234 1387 hoc

292 1418 448 1497 Securus,
465 1420 572 1498 cadat,
588 1442 631 1484 an
644 1431 736 1485 recto
751 1430 816 1485 stet
830 1419 942 1485 fabula
956 1422 1033 1487 talo.

293 1521 402 1595 Quem
416 1522 491 1587 tulit
505 1524 548 1587 ad
564 1544 693 1588 scenam
707 1535 843 1588 ventoso
859 1522 976 1587 Gloria
990 1546 1099 1604 cuiru,

292 1622 469 1691 Exanimat
482 1624 590 1690 lentus
605 1634 781 1709 spectator,
797 1624 932 1690 sedulus
947 1624 1056 1691 inflat:

292 1725 347 1789 Sic
360 1725 442 1803 leve,
459 1726 505 1790 sic
520 1748 655 1810 parvum
670 1736 731 1803 est,
747 1729 888 1791 animum
902 1728 992 1812 quod
1007 1728 1114 1794 laudis
1129 1750 1261 1795 avarum

207 1826 270 1890 180
290 1826 428 1893 Subruit
442 1850 481 1893 ac
494 1828 618 1893 reiicit!
664 1828 785 1893 Valeat
799 1852 851 1894 res
863 1829 1002 1909 ludicra,
1018 1830 1046 1895 sl
1057 1844 1109 1895 ii'is

290 1928 537 2018 Palmaqnegata
549 1952 704 2007 macrum,
720 1930 841 1996 donata
853 1932 984 1997 reducit
998 1934 1153 2017 opimum.

290 2028 387 2117 Saepe
401 2032 498 2096 etiam
512 2032 670 2097 audacem
684 2031 777 2119 fugat
790 2032 854 2098 hoc
868 2043 1035 2119 terretque
1051 2045 1194 2121 poetam,

290 2132 391 2208 Quod
405 2156 540 2199 numero
555 2134 677 2218 plures,
693 2134 812 2198 virtute
826 2134 1001 2201 ethonore
1015 2138 1167 2213 minores,

289 2234 419 2302 indocti
433 2235 608 2321 stolidique
622 2248 656 2302 et
671 2237 861 2321 depugnare
875 2240 994 2324 parati,

202 2420 229 2469 in
238 2420 322 2470 tabula
331 2430 412 2472 carata
420 2421 515 2472 inraiso
525 2422 588 2489 stylo
597 2422 764 2498 complanatur
795 2423 948 2480 Munus.
955 2424 1016 2475 nibil
1043 2424 1098 2474 laus
1108 2439 1205 2482 curans,
1216 2434 1295 2475 utrum
1307 2426 1355 2476 ills

202 2492 227 2534 et
247 2486 348 2543 deletur,
377 2489 450 2535 maro
477 2497 585 2536 vocatur.
627 2489 693 2536 Hinc
718 2486 763 2535 int.
795 2488 960 2545 arsibilcntur,
973 2504 1005 2537 an
1017 2440 1126 2553 plausum
1138 2490 1223 2539 ierant.
1251 2491 1354 2547 Fabula,

201 2549 280 2616 Epist.
293 2549 324 2597 ad
342 2551 394 2600 Pis.
410 2566 434 2598 r.
450 2552 508 2610 293,
526 2566 623 2601 carmen
640 2553 700 2615 quod
717 2568 764 2599 sicii
794 2567 850 2616 qua
868 2552 1009 2618 displicets
1040 2553 1178 2610 ctatoribus,
1192 2556 1282 2612 cadas,
1300 2570 1354 2621 qua

201 2616 276 2663 motta
295 2617 343 2663 dies
360 2624 382 2663 et
399 2617 475 2664 stulto
493 2617 567 2664 lituro
584 2620 692 2672 coercuit,
704 2615 729 2664 h.
740 2631 763 2664 e.
813 2616 883 2675 lacet,
900 2628 961 2665 stara
980 2619 1026 2681 (c.
1042 2632 1096 2682 sup.
1115 2617 1145 2665 ad
1163 2620 1213 2667 Sat.
1224 2618 1242 2675 i,
1256 2620 1294 2677 10,
1308 2620 1352 2684 17)

197 2677 266 2741 quod
282 2694 331 2727 non
346 2678 389 2727 diu
404 2680 554 2744 multumque
570 2680 718 2729 elaboratum
735 2688 760 2728 et
790 2633 893 2729 dicitur:
909 2690 970 2730 racto
982 2684 1039 2737 tolo,
1051 2682 1117 2729 firmo
1130 2682 1199 2745 quasi
1211 2682 1279 2748 pede.

200 2758 243 2808 per
252 2742 348 2793 lituram
358 2758 374 2791 a
381 2743 446 2793 vitiis
456 2744 587 2793 cohibitum
597 2754 622 2793 et
632 2752 758 2811 purgatum
824 2746 880 2795 177.
897 2747 936 2794 Ad
944 2762 1041 2801 innam,
1051 2744 1081 2793 ad
1092 2745 1187 2794 fabulas
1198 2744 1348 2795 scribendas:

201 2814 245 2863 est,
258 2807 444 2873 reprehenditur.
791 2809 878 2858 Gloria
888 2826 982 2865 carim,
990 2810 1032 2875 qui
1043 2824 1097 2875 sup.
1111 2812 1161 2859 Sat.
1168 2810 1185 2866 i,
1193 2812 1217 2868 6,
1225 2812 1257 2859 28
1264 2810 1352 2860 dicitur

234 2873 370 2921 lto-tto.
390 2874 510 2929 Creditur,
529 2878 586 2921 cett.
619 2870 758 2921 Comoedia·
782 2872 893 2939 fulgeria
908 2873 1082 2937 significantius
1100 2873 1125 2921 h.
1142 2872 1159 2922 l.
1170 2874 1259 2923 dicitur
1273 2886 1350 2923 cento-

199 2949 266 2984 onim
283 2934 402 2987 conlectio
419 2936 544 2985 minimum
565 2936 654 2985 laboris
671 2936 759 2986 babere
789 2954 836 2994 soi,
847 2936 991 3003 ὑπηνέμιος,
1008 2937 1143 3002 explicante
1155 2938 1241 2988 Vossio
1259 2939 1284 2988 in
1298 2956 1350 3005 my·

199 3009 304 3065 putatur,
326 3000 384 3075 qnia
410 3001 516 3057 manna,
538 3001 563 3049 iu
590 3000 668 3049 medio
689 3001 759 3066 quasi
790 3001 939 3065 tholegiscbe
951 3001 1039 3058 Briale,
1051 3002 1082 3051 T.
1094 3001 1120 3057 ii,
1129 3020 1154 3068 p.
1166 3004 1222 3053 171.

199 3064 366 3129 posimeviis
373 3066 496 3114 communi
503 3064 606 3131 pstitnr;
616 3064 659 3114 sed
667 3072 759 3140 quanto
826 3067 880 3115 178.
898 3067 994 3123 buius,
1006 3066 1166 3127 ἀναίσθητος,
1175 3068 1246 3131 cujus
1258 3068 1351 3117 animus

199 3128 365 3179 minusvsnie
374 3129 445 3179 datur
454 3130 626 3179 comoediarum
640 3129 756 3196 scriptori,
790 3144 821 3178 ne
831 3130 957 3179 minimum
974 3130 1071 3195 quidam
1088 3141 1249 3181 commovetur
1263 3132 1350 3182 fabula

199 3192 391 3244 inracommuni
404 3194 601 3259 peccanti,tanto
615 3194 757 3260 plusopere
789 3194 891 3243 actione.
926 3194 1059 3250 Eioiiimot,
1078 3195 1167 3243 fabulis
1187 3196 1278 3245 auctori
1297 3197 1349 3245 ani·

199 3256 256 3306 huic
267 3258 300 3308 rei
311 3257 496 3325 impendendum
506 3266 552 3307 est.
789 3272 856 3307 mum
868 3259 938 3324 quasi
948 3258 1025 3333 eripit,
1037 3274 1079 3324 pro
1091 3260 1266 3323 vulgaricum,
1278 3278 1348 3325 quem

233 3322 676 3386 170-176.Adspi'cs,l³tuotni,cett.
700 3322 757 3372 Jain
789 3321 865 3386 gloria
891 3323 924 3372 ad
950 3324 1088 3372 scribendas
1110 3322 1240 3373 comoedias
1262 3326 1348 3382 aufert,

199 3386 315 3435 Horatius
326 3388 442 3437 Plautum
458 3396 483 3437 et
496 3386 627 3451 ignobilem
636 3385 757 3451 quendam
789 3388 930 3449 gravissimo
952 3386 1033 3436 dolore
1054 3387 1135 3435 afficit.
1178 3390 1284 3446 Sedulus,
1307 3390 1349 3501 pai

244 3458 292 3499 tani
313 3452 442 3508 comicum,
465 3452 629 3509 Dossennum,
650 3452 681 3499 de
703 3466 757 3517 pio·
789 3451 870 3500 auimo
884 3458 975 3501 attento
992 3458 1156 3516 commotoque
1174 3461 1273 3517 spectat.
1338 3481 1347 3491 ·

216 3516 278 3565 ustis
294 3516 320 3564 iii
337 3531 434 3565 scenam
445 3516 561 3582 personis,
573 3530 657 3581 parurn
668 3524 759 3565 naturas
782 3516 841 3578 flat,
854 3515 954 3581 inspirat
964 3515 1079 3571 animum,
1091 3530 1194 3579 eumque
1205 3518 1307 3566 extollit.

198 3580 366 3629 convenienter
386 3588 465 3646 panes
487 3596 543 3629 suas
574 3580 757 3637 sustinentibus,
824 3580 961 3630 179-181.
989 3580 1028 3628 Sic
1050 3582 1104 3635 taos,
1127 3589 1184 3628 cett.
1211 3594 1226 3627 a
1249 3596 1274 3629 re
1299 3588 1346 3629 tam

198 3652 274 3693 notat.
308 3645 599 3709 capacia-mum
610 3644 682 3693 male.
790 3642 847 3698 levi,
870 3653 919 3691 tam
940 3658 1023 3709 parva,
1043 3658 1057 3692 a
1078 3650 1236 3717 spectatorum
1255 3645 1349 3695 scilicet

233 3710 288 3757 172.
303 3710 404 3767 Astomi,
416 3726 450 3758 sc.
462 3708 494 3758 sd
505 3724 562 3765 rem,
571 3708 598 3755 li.
608 3723 630 3757 e.
641 3709 716 3765 avari,
728 3715 756 3757 ut
788 3706 876 3755 sabulis
892 3716 936 3756 aut
952 3706 1146 3781 applaudentium
1164 3714 1206 3755 aut
1220 3722 1273 3755 earn
1284 3710 1347 3758 ersi·

198 3788 252 3838 sup.
264 3773 340 3839 Epist.
350 3772 368 3830 i,
380 3774 404 3831 7,
416 3776 458 3823 91.
787 3770 914 3821 bilantium
923 3771 1028 3829 arbitrio,
1037 3770 1125 3836 pendet
1133 3780 1254 3837 poetarum
1281 3772 1347 3823 loriis

232 3839 288 3887 173.
307 3839 414 3892 Quantus
427 3842 458 3912 sit
471 3835 755 3911 Dousnnai,·cett.vide-
787 3834 931 3913 cupidorum
962 3844 1012 3885 tam
1040 3834 1107 3911 dolor
1139 3850 1224 3909 quain¹
1240 3790 1348 3911 voluptas

197 3901 756 4040 inimicissimas
789 3901 1348 4037 acm'citatissimae

196 4029 287 4089 lanu,
304 4030 361 4080 binc
374 4032 490 4086 Quantas,
502 4045 536 4079 sc.
547 4039 626 4095 poeta.
788 4028 852 4077 absit
869 4028 902 4078 rei
911 4028 1011 4077 ludicra
1029 4043 1078 4077 sive
1093 4028 1227 4076 fabularum
1240 4031 1345 4078 scriben-

231 4096 287 4144 174.
305 4097 379 4150 Quam
399 4112 445 4143 noa
461 4098 580 4151 adstricto,
600 4102 658 4144 cett.
675 4092 754 4142 bistn'·
786 4091 869 4141 darum
885 4092 1000 4149 studium,
1014 4091 1035 4139 si
1050 4100 1126 4157 poeta
1141 4092 1191 4140 vita
1210 4100 1259 4140 tam
1277 4092 1347 4157 inops

197 4173 264 4215 oues,
276 4160 317 4226 qni
329 4176 390 4209 socco
399 4176 444 4206 non
456 4158 546 4208 arctius
557 4162 667 4207 adstricto
679 4158 719 4222 (li.
731 4175 755 4208 a.
787 4165 811 4205 et
831 4172 911 4205 macra
929 4172 1001 4231 quam
1020 4156 1143 4230 opulenta,
1162 4155 1190 4230 in·
1204 4157 1287 4222 populi
1306 4168 1348 4231 ant

196 4223 756 4354 inimittttimtt‘btatffi
787 4220 1347 4341 tisltttbtittbitbtitii

196 4350 243 4427 bac
252 4352 355 4427 imagine
365 4350 438 4427 igitur
442 4352 497 4427 jain
512 4351 633 4425 Dossenni
643 4351 669 4399 in
680 4351 754 4425 scrip·
788 4348 963 4415 Olympionicis
979 4349 1109 4423 translata:
1131 4348 1213 4396 Palma
1229 4360 1347 4424 negata—

196 4414 755 4545 tntttd‘btttt'tttttttttttz
786 4412 1047 4526 ttz‘iimtttilb
1060 4413 1272 4526 iuridici?
1293 4430 1347 4477 ,n

196 4542 268 4602 idem,
278 4545 342 4611 quod
352 4562 377 4594 v.
388 4547 429 4602 79,
441 4563 531 4594 crocum
538 4546 654 4611 floresque
663 4562 754 4607 peram·
821 4543 957 4590 las-186.
974 4542 1035 4603 Seps
1054 4543 1132 4595 etium,
1150 4547 1208 4612 cett.¹
1240 4542 1344 4591 Sensus:

196 4610 285 4658 lubra.
787 4622 851 4672 saepe
870 4604 1004 4655 audacioris
1023 4604 1083 4665 adeo
1103 4614 1128 4652 et
1146 4604 1292 4653 sublimioris
1308 4605 1345 4653 in-

232 4674 286 4729 175,
301 4675 356 4724 176.
374 4674 450 4723 Gestit
466 4675 535 4729 sulm,
554 4679 611 4720 cett.
645 4669 717 4719 Lucii
733 4679 758 4721 et
789 4670 854 4733 genii
910 4677 960 4718 tam
977 4684 1030 4718 aro
1045 4668 1138 4717 ludicra
1153 4668 1246 4733 repellit
1263 4678 1288 4717 et
1303 4669 1344 4719 de·

197 4736 312 4789 mercedis
329 4746 423 4787 tantum
439 4753 513 4787 cauis
528 4734 660 4786 condias
676 4734 758 4783 scribit
770 4798 779 4846 ¹
790 4686 926 4791 emilii,
940 4732 1005 4799 quod
1013 4734 1075 4796 plats
1087 4732 1195 4799 (egregia
1205 4732 1276 4797 plana
1287 4733 1346 4783 dno·

742 4816 757 4848 a
