3659 5892
658 539 823 607 LIBER
840 540 886 618 11,
906 539 938 605 4.

315 694 470 775 Dulcior;
493 696 616 781 irriguo
631 694 711 759 nihil
725 704 776 759 est
790 692 910 759 elutius
925 691 1033 758 horto.

316 796 353 861 Si
366 802 572 885 vespertinus
589 799 698 863 subito
714 806 746 861 te
759 796 961 881 oppresserit
974 792 1107 877 boepee,

315 899 369 964 Ne
384 902 504 985 gallina
518 900 637 965 melum
651 908 822 984 responset
837 898 922 962 duro
936 896 1056 981 peleto,

315 999 445 1065 Doctus
460 1003 524 1067 eris
540 1002 644 1067 viram
657 1011 764 1064 musto
778 1020 920 1064 mersare
935 996 1093 1073 Falern03

251 1102 295 1165 20
316 1101 392 1167 Hoc
407 1112 551 1169 teneram
565 1103 673 1168 faciet.
720 1101 934 1165 Pratcnsibue
948 1100 1071 1184 optimo
1083 1096 1193 1182 fungis

315 1202 446 1269 Natura
460 1214 528 1269 eet:
552 1205 622 1269 nliie
637 1203 721 1268 male
736 1203 891 1267 creditur.
937 1201 997 1267 Ille
1013 1200 1160 1265 salubres
1213 1250 1221 1265 .

317 1304 467 1369 AEstutes
483 1316 630 1391 peraget,
644 1306 701 1389 qui
717 1306 818 1389 nigris
833 1304 973 1389 prandia
986 1305 1086 1367 morie

315 1406 434 1483 Finiet,
449 1418 524 1471 ente
540 1430 671 1491 gravem
685 1428 760 1490 quae
774 1404 891 1489 legerit
905 1406 1023 1470 arbore
1037 1405 1149 1469 solem.

317 1506 473 1572 Aufidius
488 1507 565 1573 sorti
579 1509 736 1573 miscebat
749 1505 843 1571 melle
856 1505 1007 1583 Falerno,

251 1610 295 1674 25
316 1607 497 1687 Mendose3
521 1611 672 1693 quoniam
688 1608 798 1673 vacuis
813 1609 1013 1673 committere
1028 1607 1117 1671 venis

316 1709 375 1775 Nil
389 1712 452 1775 nisi
465 1712 538 1777 lene
554 1713 665 1777 decet:
689 1710 755 1775 leni
768 1709 951 1795 praecordiu
964 1708 1069 1773 mulso

317 1811 483 1877 Prolueris
497 1813 622 1879 melius.
670 1812 706 1876 Si
721 1812 805 1876 dura
818 1812 1000 1875 morabitur
1012 1809 1116 1887 alvus,

273 1994 278 1999 Ι
318 1912 459 1978 Mitulus
472 1916 506 1979 'et
520 1914 599 1979 viles
613 1912 735 1999 pellent
750 1912 914 1977 obstantia
932 1909 1076 1988 conchae,

234 2085 345 2133 Veterem
366 2084 493 2133 lectionem
520 2088 593 2149 nugis
610 2084 664 2133 nido
685 2082 792 2135 defendit
822 2084 898 2149 ceptio
910 2082 969 2133 meir
985 2082 1085 2133 edoctor
1101 2081 1226 2132 mombis.
1267 2082 1380 2140 Mean,

233 2148 291 2205 Pon,
306 2146 389 2196 addite
407 2148 574 2214 explicatione,
596 2149 698 2222 “mugio
713 2149 790 2197 abun·
820 2144 872 2211 Junr
899 2164 952 2214 pro,
985 2147 1112 2197 menende
1144 2146 1269 2196 suffocare.
1302 2148 1381 2196 Mum

232 2211 791 2278 dnntiealbumine;”eodhencexplrcetionem
823 2213 935 2260 Falerno:
957 2228 1000 2277 pro
1018 2211 1112 2275 vulgari
1133 2211 1237 2260 lectione
1257 2213 1324 2260 mitto
1341 2213 1380 2262 vel

235 2276 274 2325 rix
286 2278 331 2325 tert
342 2276 469 2325 Latinitas.
627 2318 629 2322 ,
822 2278 903 2333 mulso,
911 2276 1107 2340 egregieadrem
1114 2276 1241 2325 Bentleiue
1250 2276 1277 2322 in
1286 2284 1380 2325 textum

267 2342 307 2388 lt.
324 2340 422 2397 Ponere,
438 2354 566 2407 apponere.
592 2340 713 2389 cohibent:
732 2338 791 2387 dum
823 2340 912 2406 recepit
925 2351 1006 2390 murto.
1039 2341 1145 2388 tineam
1161 2336 1308 2415 enim'epud
1327 2341 1379 2391 Ro·

232 2406 316 2453 aalma
326 2405 435 2453 vitellum
445 2405 514 2479 quari
525 2405 550 2453 in
567 2404 700 2469 equilibrio
714 2404 790 2453 conti·
822 2418 906 2453 manoe
927 2404 961 2453 itu
980 2403 1136 2460 condebatur,
1156 2412 1183 2451 ut
1200 2419 1242 2468 per
1260 2412 1380 2468 integrum

232 2476 298 2525 nent,
308 2469 429 2532 eleganter
439 2468 551 2517 dicuntur
565 2483 620 2517 eum
634 2472 744 2525 mittere,
755 2484 790 2517 rc.
822 2467 995 2517 lermoennum
1013 2484 1096 2518 recens
1113 2477 1139 2517 et
1153 2467 1227 2516 dulce
1238 2477 1379 2526 terreretur,

233 2546 322 2596 trega
333 2532 475 2583 mobilitate.
823 2532 935 2607 varioque
950 2533 1038 2582 culinn
1053 2532 1109 2581 uerri
1121 2530 1280 2581 adhiberetur.
1314 2534 1379 2581 Lau·

268 2599 306 2653 15,
332 2598 372 2645 16.
399 2598 456 2646 Jern
479 2595 564 2644 transit
591 2596 622 2645 ed
649 2596 713 2645 oleru
739 2595 789 2645 rire
821 2595 880 2645 dent
895 2612 921 2644 rn
939 2597 1002 2645 hanc
1021 2612 1070 2645 rem
1087 2597 1144 2645 Cet.
1160 2595 1191 2644 de
1208 2596 1243 2645 R.
1263 2598 1297 2645 R.
1315 2612 1378 2659 οη,

233 2661 316 2709 caniet
327 2662 393 2725 (nos,
411 2661 471 2709 Kott
488 2662 541 2708 oder
552 2660 656 2717 Gemite,
668 2677 713 2708 mor
724 2666 790 2709 eiueu
823 2660 921 2709 Colum.
934 2660 976 2717 rii,
987 2662 1036 2721 29;
1055 2660 1121 2709 Plin.
1134 2660 1181 2716 xiv,
1195 2662 1233 2707 ll.

230 2725 328 2789 Stir'ngel
338 2726 412 2787 111),-
427 2725 518 2789 junge:
535 2725 623 2781 Coulir,
634 2726 675 2787 qui
690 2727 790 2773 inriccir
854 2726 895 2773 21.
913 2726 974 2773 Aiiir
982 2728 1041 2773 mole
1057 2728 1176 2773 ereditur:
1193 2740 1241 2773 non
1260 2724 1314 2773 ideo
1325 2732 1379 2773 ten·

232 2792 297 2852 agric
312 2793 394 2845 creuit,
411 2800 444 2838 ert
461 2790 552 2838 dulmen·
568 2790 634 2836 caule
651 2790 790 2844 suburbano,
822 2796 882 2845 tum,
895 2788 960 2853 quod
977 2789 1053 2853 fungi,
1064 2788 1106 2854 qui
1117 2788 1143 2837 in
1156 2787 1224 2836 eilris
1238 2798 1379 2848 nascuntur,

232 2852 259 2900 b.
272 2870 296 2903 e.
311 2854 337 2903 in
347 2854 414 2903 horto
429 2854 568 2901 nuburbnno
587 2860 660 2911 neto;
676 2851 787 2901 hincud-
820 2862 905 2901 natura
922 2868 968 2901 eue
988 2852 1115 2903 deteriores
1135 2860 1194 2901 eunt
1218 2853 1378 2917 pratensibus,

232 2914 277 2973 dit,
294 2921 386 2981 irriguo
403 2920 464 2966 nuit
480 2928 511 2965 ert
526 2918 612 2965 elutior
628 2919 701 2973 imno,
721 2916 746 2963 b.
764 2932 787 2965 e.
820 2916 862 2966 ced
878 2916 960 2972 etiarn,
972 2917 1037 2982 quod
1053 2915 1378 2967 ineilvieeimulinveniun-
1457 2916 1464 2923 ’

232 2987 293 3031 terra
311 2982 398 3030 nullibi
414 2981 490 3045 megin
506 2996 548 3047 per
564 2996 651 3045 equam
669 2989 707 3028 eet
723 2982 789 3029 eluta
821 2980 939 3045 turiungi
950 2980 1043 3031 rnuliet
1055 2980 1188 3030 valetudini
1203 2980 1331 3030 admodum
1341 2982 1378 3031 in-

233 3044 334 3107 (nullibi
345 3045 422 3111 magis
431 3056 468 3095 eet
482 3044 603 3105 humide),
613 3060 686 3119 quern
696 3044 722 3092 in
734 3046 787 3095 bor·
820 3044 883 3102 sceti,
905 3045 957 3109 qui,
976 3046 1008 3093 ob
1030 3044 1209 3095 similitudinem
1229 3062 1302 3111 quem
1323 3063 1378 3095 curn

232 3108 263 3157 tir
274 3110 427 3167 suburbanis,
438 3110 486 3159 eive
502 3109 567 3175 quod
585 3109 623 3161 eitr
637 3108 674 3157 illi
685 3118 753 3159 erunt
763 3110 789 3161 in
820 3108 890 3158 bonie
899 3108 999 3166 habent,
1010 3110 1081 3159 facile
1091 3108 1169 3157 fraudi
1180 3124 1233 3159 eree
1244 3120 1351 3175 portent.

232 3172 292 3222 locis
303 3174 417 3231 humidis,
429 3173 480 3223 eive
492 3173 558 3239 quod
572 3172 642 3223 rivuli
659 3173 684 3221 iu
694 3188 735 3223 ece
745 3172 788 3221 de·
852 3176 895 3222 22.
914 3175 961 3228 Qui
972 3176 1048 3239 nigris
1057 3177 1158 3236 prandio
1169 3176 1247 3223 morit.
1266 3176 1324 3224 Jtm
1335 3175 1378 3224 ud·

232 3236 397 3287 ducebantur:
421 3239 495 3288 Ovio.
512 3238 579 3287 Fert.
593 3236 790 3294 ii,703‚Hortur
821 3245 966 3301 eperguntur
986 3238 1097 3303 quedam
1121 3246 1249 3304 precepta,
1273 3238 1304 3287 od
1325 3239 1378 3297 ille,

232 3304 331 3352 admotis
348 3306 441 3352 roboot
457 3304 596 3351 mitissimos
614 3303 698 3356 inertie
711 3302 790 3349 Sectm
820 3315 876 3363 que
902 3310 958 3350 ante
984 3303 1116 3353 solemnem
1140 3317 1238 3352 coenum
1262 3304 1381 3353 tumendo

233 3367 327 3415 humum
337 3368 387 3415 rivo
405 3369 453 3415 lene
463 3368 564 3431 fluentis
574 3382 637 3429 oque
645 3384 654 3423 ,·
672 3365 736 3413 olera
746 3380 789 3414 uu·
821 3364 878 3420 rint,
888 3366 1029 3430 spectantia.

232 3436 282 3479 tem
300 3432 326 3479 in
345 3430 404 3479 locis
420 3429 524 3479 humidis
542 3437 600 3481 netu
621 3428 680 3478 latui
698 3430 789 3495 saporis
853 3430 894 3478 24.
920 3431 1127 3479 Ferri-Falerno.
1165 3429 1284 3487 Aufidius,
1308 3432 1380 3483 horno

232 3509 285 3543 esre
294 3494 460 3544 credebantur.
821 3492 929 3556 gulosus,
941 3494 1013 3558 cujus
1023 3503 1117 3558 gentem
1128 3511 1197 3543 nosse
1208 3494 1268 3541 nibil
1284 3496 1379 3553 attinet,

268 3560 372 3607 18-20.
390 3559 426 3607 Ne
459 3560 534 3607 ailino
551 3558 647 3613 moltam,
667 3564 724 3607 cett.
734 3559 788 3623 gol·
821 3556 1007 3623 reprehenditur,
1019 3559 1083 3623 quod
1094 3561 1192 3607 mulsum
1207 3559 1273 3622 (noe,
1296 3561 1378 3623 Merit)

234 3622 284 3669 lino
305 3624 376 3681 duro,
397 3576 488 3686 geldna
510 3638 574 3687 qure,
594 3629 647 3686 poet
660 3638 733 3687 quern
743 3624 789 3671 rub
821 3622 932 3670 ermello
943 3631 968 3670 et
979 3624 1148 3687 Fotenwforti
1160 3622 1230 3685 (b.e.
1243 3621 1339 3680 fervido,
1352 3633 1380 3674 ut

233 3686 360 3751 improviso
371 3686 471 3751 hospitis
488 3685 590 3736 adventu
606 3700 668 3733 cesa
682 3695 727 3742 eet,
740 3696 789 3735 sta·
822 3684 865 3733 ini.
879 3687 931 3734 Set.
942 3684 968 3743 ii,
981 3689 1006 3743 c,
1019 3689 1059 3744 38,
1072 3690 1127 3735 vino
1134 3686 1261 3751 feruido),
1273 3703 1325 3744 noe,
1337 3707 1379 3737 our

233 3748 300 3799 tirno
333 3752 406 3808 uitur,
417 3758 497 3799 monet
507 3752 577 3807 duro,
588 3748 690 3823 ideoque
705 3766 789 3816 parum
821 3751 920 3798 rtoricem
937 3753 988 3798 ond
1000 3751 1121 3824 surrigere
1148 3752 1262 3798 Falernae
1292 3753 1379 3810 Weine,

232 3829 317 3879 respon
335 3830 373 3863 ere
392 3822 473 3881 potest
487 3813 661 3879 exspectationi
680 3814 789 3880 hospitis,
822 3813 958 3873 miscebat,
983 3814 1039 3863 hrnc
1057 3816 1129 3880 paulo
1145 3824 1200 3881 poet
1216 3832 1238 3863 r.
1258 3817 1292 3865 26
1312 3833 1378 3867 com-

234 3893 282 3926 non
305 3878 389 3927 duram
410 3878 452 3927 red
472 3886 578 3927 teneram
599 3892 696 3927 curnem
720 3878 789 3928 edere
821 3878 1056 3927 mendaturmutrum
1066 3882 1124 3927 terte.

232 3942 359 4006 cupientis.
386 3942 478 3989 Malum
488 3958 518 3991 er
535 3941 603 3991 liceri
612 3941 708 3991 omnino
720 3942 790 3991 debet
853 3944 895 3991 25.
907 3944 1023 3999 Mentore,
1030 3943 1093 3993 mele
1099 3959 1157 3992 mne
1167 3944 1213 3993 boc
1224 3943 1288 4001 iecit,
1298 3948 1379 4007 quoni-

233 3958 788 4137 refecereplueretur
822 4010 1378 4136 ⁰'trttut-utrruturr·

234 4107 342 4210 suspicor
368 4134 441 4198 igitur
467 4134 594 4182 Horatium
625 4150 676 4199 pro,
703 4106 790 4183 maioni
822 4150 877 4199 que
888 4143 1003 4199 pretenta
1013 4136 1051 4184 vel
1062 4088 1141 4185 ulcina
1155 4146 1212 4185 eunt
1228 4137 1318 4196 cordi),
1330 4111 1379 4187 ele:

234 4200 356 4263 ecnpsisee
365 4216 460 4261 porum.
471 4198 528 4247 Nisi
536 4198 667 4263 quiemalit
677 4206 788 4256 statuere,
821 4206 906 4262 gunter
915 4215 966 4265 pro,
977 4209 1017 4248 te:
1034 4200 1103 4264 Virg.
1116 4204 1176 4249 AEn.
1187 4202 1204 4258 i,
1216 4202 1273 4259 739,
1284 4204 1325 4250 itte
1336 4204 1379 4250 im·

233 4265 321 4311 motum
341 4278 471 4326 rupoueure
490 4262 580 4311 dictum
598 4278 659 4318 esse,
677 4271 705 4311 ut
723 4266 790 4313 dulce
819 4266 887 4327 piger
899 4265 977 4312 bouet
993 4264 1141 4325 Spumantem
1155 4277 1269 4328 pateam,
1280 4275 1303 4313 et
1311 4269 1381 4327 pleno

233 4329 319 4383 ridere,
328 4330 396 4375 dulce
403 4328 473 4391 loqui,
486 4326 534 4375 Od.
544 4326 561 4383 i,
572 4330 614 4382 22,
623 4329 665 4389 2⁴;
676 4328 792 4390 perfidum
823 4342 845 4374 re
855 4329 944 4389 proluit
954 4344 1021 4375 auro.

233 4393 317 4449 ridm,
334 4391 383 4441 Od.
397 4390 432 4447 iii,
450 4391 491 4447 27,
504 4393 553 4451 263
570 4408 652 4441 coum
665 4394 791 4450 indoctum,
855 4392 896 4439 27.
920 4392 990 4439 Dura
1008 4393 1074 4440 olous
1093 4392 1158 4455 (not,
1183 4393 1379 4455 Horrtetttgtete)

233 4456 300 4503 dulce
317 4458 398 4511 bibere,
412 4456 488 4521 Epist.
499 4455 526 4513 ii,
537 4458 562 4512 2,
573 4458 605 4515 9;
619 4456 729 4503 blondum
745 4459 789 4505 du·
821 4458 957 4514 morabitur,
965 4456 1089 4505 obstaculo
1098 4457 1143 4506 erit
1153 4457 1288 4507 emittendis
1297 4472 1379 4508 excre-

233 4534 291 4575 eeee,
305 4519 354 4569 Od.
366 4521 384 4577 i,
398 4521 490 4576 12,11.
524 4520 618 4577 Peloro,
630 4519 751 4582 eleganter
767 4528 792 4569 et
823 4520 920 4568 mentis.

233 4582 629 4648 significanterpro,erpectotiorri;
644 4583 788 4647 etbincpa·
853 4586 894 4633 28.
921 4584 1024 4633 Mittitur
1044 4586 1082 4634 vel
1104 4585 1212 4649 Mytilus,
1236 4586 1380 4636 concharum

233 4664 286 4695 rum
295 4657 416 4710 repenset,
433 4664 515 4713 parurn
527 4656 603 4713 grute,
619 4647 720 4711 ingrate,
731 4648 790 4697 insi-
822 4648 998 4699 mutuemur
1012 4664 1096 4712 genus,
1108 4650 1220 4701 τελλίνα·
1236 4649 1285 4699 vid.
1302 4651 1380 4701 Hein-

233 4710 290 4776 pide
301 4712 341 4762 eit.
375 4712 462 4762 Ductor
478 4716 523 4763 erir
539 4728 645 4771 mertare,
663 4730 713 4778 pro,
729 4728 789 4780 prn-
823 4711 884 4761 dori.
