3659 5892
901 523 1205 591 CARMINUM

914 827 1122 895 CARMEN
1146 829 1192 894 ll.

778 1046 836 1095 AD
858 1044 1088 1095 AUGUSTUM
1110 1043 1331 1094 CAESAREM.

688 1191 711 1254 J
714 1211 761 1254 nn
778 1188 856 1256 satis
871 1187 968 1252 terris
983 1187 1065 1260 nivis
1080 1197 1178 1270 atque
1194 1185 1275 1248 dirce

692 1291 871 1356 Grandinis
890 1290 979 1354 misit
993 1289 1104 1367 Pater,
1119 1298 1154 1354 et
1169 1288 1307 1352 rubente

692 1395 841 1460 Dextera
857 1415 965 1459 sacras
976 1391 1140 1477 jaculatus
1155 1412 1247 1454 arces

992 1494 1129 1562 Terruit
1143 1494 1275 1558 urbem:

640 1602 661 1664 5
691 1599 826 1664 Terruit
841 1609 968 1684 gentes,
982 1619 1081 1682 gram
1096 1619 1138 1662 ne
1151 1596 1274 1660 rediret

692 1701 853 1768 Saeculum
869 1699 1018 1785 Pyrrhae,
1033 1721 1117 1763 nova
1130 1708 1275 1764 monstra
1289 1708 1429 1783 queetae3

692 1805 798 1868 Omne
812 1826 912 1888 quum
926 1802 1067 1868 Proteus
1083 1823 1183 1886 pecus
1199 1803 1268 1886 egit
1282 1801 1365 1866 altos

994 1904 1113 1970 Visere
1128 1915 1273 1983 montes3

693 2009 835 2073 Piscium
851 2018 885 2072 et
901 2029 1024 2071 summa
1038 2028 1142 2092 genus
1157 2006 1253 2071 haesit
1267 2007 1366 2085 ulmo,

632 2113 672 2177 lO
693 2111 785 2176 Note
799 2135 873 2196 quae
891 2110 988 2176 sedes
1003 2108 1110 2178 fuerin
1122 2109 1298 2188 columbis;

696 2215 742 2278 Et
758 2215 943 2300 superjecto
956 2211 1085 2298 pavidae
1099 2222 1253 2278 natarunt

993 2313 1145 2400 AEquore
1160 2315 1274 2380 damae.

655 2467 810 2518 CARMEN
827 2467 865 2516 11.
1074 2464 1196 2522 ceciderit,
1208 2465 1331 2531 explicant
1340 2466 1489 2533 interpretes.
1519 2467 1642 2533 Equidem

512 2533 576 2584 Cum
588 2541 742 2600 exortaque
754 2532 818 2590 nive,
826 2529 951 2596 grandine,
959 2537 984 2580 et
992 2528 1041 2579 iol·
1074 2530 1137 2579 nivis
1148 2531 1396 2580 commemorationem
1408 2532 1439 2580 ad
1446 2533 1525 2598 ipsam
1535 2542 1642 2600 tempes-

479 2597 583 2647 minibus
599 2597 699 2673 dejectis
715 2607 799 2664 prater
815 2613 905 2645 morem
924 2595 1041 2651 servierat,
1073 2603 1147 2644 tatem
1165 2611 1220 2670 quer
1236 2595 1276 2644 bic
1288 2595 1431 2646 describitur
1441 2597 1558 2662 pertinere
1572 2608 1641 2664 puto,

479 2671 715 2728 tempestatemgens
731 2661 757 2711 in
773 2661 837 2726 agris
848 2661 967 2710 Romania
978 2659 1042 2708 lacta
1074 2675 1131 2708 cum
1151 2676 1193 2708 mx
1214 2659 1276 2710 inter
1294 2661 1391 2723 fulgure
1411 2679 1509 2727 quoque
1527 2679 1643 2713 nonnun-

480 2729 641 2778 easetTiberis
651 2726 785 2784 inundatio,
796 2735 821 2776 et
830 2726 936 2790 quidem,
944 2733 972 2773 ut
981 2725 1042 2774 bene
1074 2739 1149 2789 quam
1157 2723 1267 2775 decidere
1275 2725 1360 2774 soleat.
1382 2725 1422 2774 Sic
1431 2727 1497 2801 apud
1505 2727 1643 2778 Diotirnum

480 2791 511 2841 ad
523 2809 571 2842 ram
583 2809 611 2842 ex
624 2793 703 2842 Dione
715 2789 800 2842 Cassio
811 2789 853 2838 lib.
860 2790 893 2838 liv
905 2789 951 2850 (ab
961 2789 1042 2854 initio)
1076 2789 1159 2853 Epigr.
1171 2807 1195 2848 x,
1209 2790 1301 2853 (Antis.
1313 2791 1394 2840 Grec.
1406 2791 1436 2842 T.
1449 2808 1466 2848 r,
1477 2808 1502 2858 p.
1514 2793 1569 2849 186,
1581 2793 1642 2842 edit.

481 2858 605 2923 probatum
616 2857 660 2907 ivit
668 2859 806 2913 blassonus,
817 2857 848 2906 U.
857 2855 887 2904 C.
896 2869 1025 2904 nocxxxn
1036 2871 1044 2914 5
1075 2855 1148 2916 Jac.)
1157 2870 1223 2912 oves,
1232 2871 1333 2918 quarum
1342 2864 1424 2920 pastor
1431 2855 1532 2905 mimine
1542 2872 1642 2921 pereus-

479 2921 1044 3058 lliltllii'inqdnlliuillinillill
1076 2919 1495 3058 ;l,‘}¹iti,t,⁶,tlil¹3qtitt
1509 2921 1643 3036 tim

482 3066 648 3108 averruncum,
668 3050 806 3105 celebraret,
829 3063 980 3099 occasionem
998 3048 1045 3096 nbi
1077 3056 1168 3096 notavit
1190 3047 1347 3098 amicissimus
1367 3051 1498 3099 Jacobsins
1520 3050 1547 3098 in
1566 3051 1642 3100 Com·

482 3113 883 3180 oblatamesseputavitHorntius.
901 3113 1044 3169 Nemeum,
1077 3120 1151 3162 ment.
1166 3113 1197 3161 Τ.
1212 3113 1239 3170 ii,
1257 3130 1282 3178 p.
1297 3115 1354 3163 167.
1387 3115 1444 3173 Quo
1462 3114 1539 3164 rarius
1558 3126 1642 3164 eumin

482 3180 602 3246 quidquid
617 3181 642 3229 in
658 3195 738 3230 rerum
754 3187 840 3228 natura
856 3185 942 3244 preter
956 3193 1045 3226 morem
1077 3177 1119 3226 nir
1138 3176 1200 3226 inter
1216 3178 1312 3242 fulgura
1327 3177 1409 3228 delabi
1427 3181 1497 3238 solet,
1514 3196 1544 3228 co
1563 3181 1643 3244 inagis

484 3245 616 3304 accidebat,
629 3261 670 3310 pro
684 3259 778 3308 eaque
793 3251 844 3292 turn
856 3243 952 3292 tenebat
962 3240 1045 3308 populi
1076 3240 1121 3290 illa
1129 3258 1172 3308 pro
1183 3241 1291 3308 prodigio
1300 3243 1382 3292 haberi
1393 3243 1479 3309 potuit.
1504 3243 1567 3294 Fieri
1577 3261 1642 3309 qno·

483 3310 575 3359 animos
592 3308 735 3376 superstitio,
748 3305 882 3374 prodigium
899 3308 1045 3367 haberetur;
1076 3322 1125 3372 que
1138 3308 1225 3371 potuit,
1237 3316 1266 3356 ut
1280 3309 1395 3357 Horatius
1409 3313 1534 3374 pernicem
1548 3307 1641 3358 intelli-

483 3375 565 3424 oblata
576 3374 619 3423 illa
630 3390 672 3449 per
679 3373 756 3422 diram
766 3380 929 3439 tempestatem
939 3379 963 3420 et
972 3371 1045 3421 'libe-
1076 3379 1143 3436 geret
1161 3375 1322 3436 grandinem
1345 3389 1401 3422 nem
1421 3373 1541 3440 porticula
1561 3385 1641 3438 etque,

482 3439 515 3488 ris
527 3439 708 3488 inundationem
720 3437 836 3505 prodigia,
848 3445 933 3503 preter
944 3436 1044 3500 Augus·
1075 3452 1145 3501 enque
1161 3451 1191 3484 ac
1206 3455 1250 3501 que
1265 3437 1292 3486 in
1303 3453 1372 3487 versu
1387 3440 1426 3494 16,
1439 3437 1496 3504 (ubi
1505 3438 1561 3487 vide
1573 3442 1641 3504 not.)

483 3513 544 3562 tum,
566 3503 686 3556 neminem
708 3518 761 3554 esse
783 3503 826 3567 qui
844 3516 971 3567 procurare
986 3501 1045 3550 deo-
1076 3500 1166 3568 passim
1176 3500 1225 3550 vim
1234 3502 1371 3568 explicandi
1381 3503 1463 3552 habet.
1494 3503 1573 3552 Etsic

483 3585 584 3644 rumque
599 3569 658 3618 iram
666 3569 768 3682 (placare
783 3565 865 3633 possit,
872 3575 948 3637 poeta
960 3565 1044 3616 inhoe
1074 3565 1120 3614 sim
1128 3577 1160 3615 et.
1180 3567 1254 3625 Dirc,
1265 3567 1381 3632 quoddiri
1391 3567 1477 3617 ominis
1487 3576 1548 3618 erat·
1601 3573 1642 3620 isit

483 3650 587 3684 carmine
598 3643 665 3683 oeten
683 3634 711 3682 it.
742 3634 845 3682 Tantam
855 3647 904 3679 vnn
915 3647 1043 3696 aquarum,
1075 3633 1238 3695 pro,inmisit.
1263 3633 1548 3698 Rebents,erepercusao
1556 3631 1642 3683 fulmi-

483 3699 549 3748 cenit
565 3708 644 3765 poeta
660 3715 674 3748 e
689 3697 753 3746 coelo
772 3696 797 3744 in
815 3703 900 3746 terram
918 3695 1045 3745 nminem
1077 3711 1137 3743 num
1147 3696 1284 3744 rubentium
1293 3697 1386 3760 fulgore
1394 3707 1461 3764 puta.
1480 3699 1564 3747 Sacros
1565 3702 1641 3760 joen-

483 3763 597 3821 vidimus,
618 3771 647 3812 ut
664 3761 759 3812 Tiberis
780 3777 852 3826 super
869 3760 933 3834 ripas
955 3759 1046 3809 effusus
1078 3761 1139 3807 lotus
1153 3776 1231 3808 orces:
1240 3763 1351 3824 joculari
1361 3778 1424 3811 orces
1435 3778 1486 3828 pro,
1498 3761 1592 3811 fulmen
1600 3763 1640 3828 ja-

483 3829 600 3887 timorem,
609 3843 639 3876 ne
651 3827 808 3877 Deucalionis
817 3825 936 3873 diluvium
947 3824 1042 3881 rediret,
1078 3823 1183 3873 calando
1193 3839 1259 3874 arces
1267 3835 1402 3891 percutere:
1421 3826 1604 3884 Ovid.Am.iii,
1613 3830 1639 3886 3,

483 3893 600 3958 injiceret.
640 3893 679 3940 En
698 3891 733 3940 dii
754 3891 814 3939 iram
838 3905 907 3938 suam
928 3890 959 3938 ob
982 3888 1046 3938 bella
1078 3889 1641 3954 85,aniterignensolacosjecnlarnsetorees.

484 3957 566 4007 civilia
583 3956 738 4023 patefaciunt,
753 3954 971 4019 calamitatemque,
989 3971 1045 4018 quaa
1077 3953 1126 4002 Per
1139 3970 1210 4010 arcer,
1223 3970 1274 4018 qua
1283 3969 1342 4004 voce
1352 3971 1446 4004 summa
1458 3955 1576 4004 montium
1590 3957 1640 4004 ias·

483 4021 620 4088 reipublice
643 4029 729 4072 nosue
750 4019 866 4076 imminet,
885 4017 1043 4084 portendunt!
1078 4017 1137 4081 tigia
1152 4027 1273 4076 notantur,
1281 4019 1333 4084 jam
1344 4020 1500 4086 Capitolium,
1511 4020 1550 4069 vel
1561 4021 1642 4085 potius

485 4089 564 4145 Quem
580 4087 660 4144 deum,
674 4094 702 4134 ut
719 4084 810 4134 seelera
824 4090 904 4132 nostra
919 4099 949 4132 er
966 4083 1008 4140 iet,
1020 4092 1045 4137 et
1076 4081 1165 4148 templa
1186 4082 1211 4130 in
1233 4084 1354 4150 Capitolio
1417 4083 1459 4141 ta,
1481 4085 1642 4150 intelligenda

483 4152 536 4201 haec
553 4151 618 4200 mela
635 4165 650 4198 e
666 4150 735 4199 nobis
750 4157 848 4208 avertat,
860 4101 1044 4196 invocaiimnst
1076 4161 1138 4204 esse,
1147 4146 1270 4213 adjectum
1279 4165 1350 4198 mere
1378 4157 1440 4198 ocet.

484 4217 552 4265 Num
565 4215 721 4282 Apollinemi
739 4229 769 4263 an
783 4215 916 4264 Venereml
933 4228 965 4260 an
976 4214 1045 4262 Mar·
1109 4215 1183 4261 5-8.
1201 4214 1279 4262 Grave
1285 4215 1393 4262 aceolum
1400 4215 1510 4279 Pyrrhe:
1521 4214 1642 4266 loedaills

483 4283 546 4330 terni
563 4297 594 4330 en
609 4291 640 4336 te,
653 4280 696 4346 qui
708 4279 814 4343 Augusti
825 4291 949 4343 personam
964 4276 991 4325 in
1007 4277 1045 4326 bis
1077 4283 1191 4343 tempora,
1198 4277 1287 4342 quibus
1294 4278 1431 4328 Deucalion
1441 4295 1499 4328 cunr
1509 4296 1583 4330 uxore
1594 4297 1642 4329 sua

481 4343 839 4402 terrisinduiati,Mercuriumi
865 4341 972 4398 Utinam,
984 4341 1045 4390 deus
1077 4341 1171 4406 Pyrrha
1191 4358 1317 4408 oppressus
1338 4343 1385 4394 fuit
1406 4343 1507 4394 diluvio.
1540 4345 1640 4410 Pyrrhe

483 4413 604 4475 Auguste,
618 4411 660 4459 diu
677 4409 722 4458 sub
734 4407 830 4457 nomine
843 4405 923 4456 Patris
937 4415 962 4454 et
973 4405 1045 4455 Prin·
1076 4421 1133 4454 cum
1160 4405 1256 4456 delectu
1283 4423 1333 4474 pro,
1357 4407 1535 4467 Deucalionis3
1562 4409 1641 4459 multo

482 4476 543 4540 cipis
560 4475 625 4551 apud
643 4475 760 4541 populum
779 4473 919 4522 Romanum
938 4485 1044 4519 commo·
1076 4470 1196 4533 graviores
1218 4473 1282 4521 enim
1304 4472 1500 4522 mulierculamm
1522 4472 1547 4521 in
1569 4474 1641 4524 rebus

481 4541 548 4598 reris,
560 4556 662 4606 ejusque
673 4538 775 4587 salutem
788 4546 879 4587 exteros
890 4535 971 4585 hostes
982 4535 1045 4585 ulci·
1077 4535 1175 4600 trepidis
1198 4536 1312 4600 querele,
1345 4539 1459 4586 Cetemm
1480 4536 1640 4588 Deucalionis

482 4604 572 4655 scendo
582 4603 720 4654 confirmes!
1076 4608 1148 4649 estate
1163 4599 1279 4648 diluvium
1295 4599 1333 4650 vel
1349 4617 1379 4650 ex
1396 4602 1471 4652 Ovid.
1482 4604 1545 4651 Met
1560 4603 1577 4662 i,
1589 4605 1640 4652 260

515 4673 587 4719 1-4.
603 4664 1044 4730 Setis,uimismultum,satissuper·
1077 4680 1106 4730 sq
1125 4665 1304 4714 .satisnotum.
1335 4665 1401 4715 Nono
1412 4667 1640 4724 nonni-ammu-

480 4751 538 4801 que.
565 4735 641 4791 llinis,
653 4733 684 4784 da
699 4731 754 4783 nive
770 4747 825 4800 quar
842 4729 912 4780 solito
928 4729 1046 4796 copiosior
1078 4745 1110 4779 eu
1129 4729 1186 4778 'tam
1202 4728 1228 4778 in
1243 4729 1336 4780 diluvio
1349 4730 1392 4779 illo
1408 4747 1486 4783 rerum
1502 4732 1640 4798 permixtio·
