3659 5892
465 526 536 586 xxiv
856 523 1044 585 HORA'I'II
1066 523 1230 584 METRA.

545 668 686 751 Iasolmia
701 667 831 751 Helelaoe
847 670 954 730 Castor
962 669 1090 750 raptentur
1102 671 1199 730 uicem.
1241 668 1336 748 Epod.
1353 666 1400 738 17,
1414 667 1464 727 42.

549 765 636 842 Optat
651 762 780 846 quieltem
795 761 924 842 Peloipia
937 765 1023 840 infidi
1031 773 1128 841 poter.
1169 763 1264 842 Epod.
1281 762 1328 832 17,
1342 762 1392 820 65.

546 855 684 940 Alitilbus
698 857 793 940 otique
806 855 937 938 coailbur
950 857 1128 938 homilcidom
1144 856 1307 915 Hectorem.
1347 857 1443 936 Epod.
1459 856 1508 927 17,
1524 857 1570 916 12.

547 953 697 1036 Vectolhor
709 949 845 1033 humelrie
858 949 942 1031 turcl
955 973 1006 1030 ego
1019 952 1153 1032 iailmicir
1166 971 1259 1030 eques.
1300 951 1396 1031 Epod.
1413 952 1461 1022 17,
1476 952 1526 1022 74.

465 1049 503 1107 lu
517 1047 640 1126 Epodon
653 1069 739 1108 carm.
755 1048 802 1117 16,
819 1047 958 1107 Horatius
972 1048 1051 1125 puris
1064 1048 1166 1106 iambis
1179 1067 1250 1106 usus
1263 1057 1317 1107 est.

547 1143 605 1202 Est
618 1143 648 1201 in
662 1155 755 1203 metro
768 1143 809 1212 xi,
823 1143 883 1210 xiv,
897 1161 946 1210 xv,
960 1142 1029 1200 xvii.

880 1314 908 1372 b.
935 1313 1041 1371 Versus
1058 1313 1206 1371 trochaici.

468 1427 497 1487 4.
519 1425 742 1505 lthypballicus.

546 1620 583 1678 In
596 1619 761 1698 logsoedicis
775 1631 835 1689 aut,
850 1619 873 1678 si
884 1519 990 1688 ¹mavis,
1003 1620 1177 1699 asynartetis
1190 1640 1270 1679 uum.
1286 1621 1333 1681 19.

469 1715 496 1774 5.
519 1714 632 1775 Versus
645 1715 805 1774 trochaicus
819 1714 943 1772 dimeter
955 1715 1121 1774 catalectus.

711 1909 854 1969 Truditur
867 1909 930 1967 dies
942 1909 997 1967 die.
1037 1909 1069 1978 ii,
1085 1907 1131 1978 18,
1147 1907 1193 1967 15.
1228 1957 1233 1964 .

471 2005 612 2066 Horatius
625 2003 783 2084 spondeum
794 2005 825 2063 in
838 2003 964 2064 secunda
977 2003 1045 2062 sede
1059 2023 1116 2061 nou
1129 2003 1268 2063 admittit.

549 2101 604 2160 Est
618 2100 649 2157 iu
662 2109 755 2158 metro
769 2098 849 2156 xviii.

864 2275 888 2312 c.
914 2254 1021 2312 Versus
1037 2252 1231 2312 choriambici.

470 2385 499 2443 6.
527 2383 640 2444 Versus
667 2381 875 2440 Pherecratem
901 2401 925 2439 s.
946 2380 1152 2440 choriambicus
1178 2389 1358 2439 monometer
1376 2378 1633 2459 hypercatalectus

549 2497 614 2536 cum
628 2476 699 2544 basi,
713 2475 743 2534 in
757 2496 813 2554 qua
827 2474 904 2554 apud
920 2474 1076 2536 Horatium
1090 2495 1203 2553 semper
1216 2474 1361 2553 spondeus
1373 2487 1429 2535 est.

712 2655 739 2713 V
738 2655 763 2712 is
769 2571 902 2732 firmiora
915 2565 1016 2711 oideii.
1056 2654 1096 2722 iv,
1112 2653 1159 2721 13,
1172 2653 1201 2710 8.

550 2749 607 2810 Est
621 2749 653 2808 ia
666 2760 758 2808 metro
771 2750 809 2806 iv.

470 2845 499 2916 7.
519 2845 632 2906 Versus
646 2843 811 2922 Glyconeus
824 2863 847 2902 s.
856 2842 1063 2902 choriambicus
1076 2841 1200 2900 dimeter
1212 2841 1371 2901 catalectus
1383 2843 1415 2900 in
1428 2844 1632 2922 pyrrhichium

550 2949 601 2998 aut
622 2938 761 3006 iambum,
780 2957 847 2995 cum
868 2937 940 3005 basi,
958 2956 1046 3015 quam
1066 2935 1145 3014 apud
1167 2933 1325 2995 Horatium
1347 2957 1463 3016 semper
1483 2939 1633 3016 spondens

550 3042 643 3092 tenet.

709 3226 766 3285 Nil
777 3223 946 3284 mortalibus
957 3225 1082 3282 arduum
1095 3233 1145 3283 ert.
1185 3226 1206 3293 i,
1219 3225 1249 3293 3,
1263 3225 1311 3294 37.

550 3321 605 3381 Bis
618 3321 648 3380 in
661 3321 721 3380 basi
735 3319 910 3399 reperiretur
922 3319 1072 3388 trocheus,
1087 3321 1111 3378 si
1124 3319 1211 3379 lectio
1229 3317 1370 3378 servanda
1387 3331 1474 3381 esset.
1520 3323 1634 3385 Teucer

551 3424 578 3476 et
598 3417 619 3484 i,
635 3413 682 3484 15,
696 3413 745 3484 24,
760 3426 790 3474 et
804 3413 890 3492 Ignis
904 3412 1017 3471 Iliacos
1037 3413 1107 3472 ibid.
1120 3414 1170 3473 36.
1209 3413 1334 3492 Syllaba
1355 3415 1478 3486 ultime,
1492 3437 1552 3496 qua
1565 3441 1632 3480 ver·

550 3531 600 3570 sus
614 3510 753 3578 abundat,
768 3508 895 3568 vocalem
909 3506 1009 3566 elisam
1022 3508 1131 3585 reperis
1144 3510 1184 3578 iv,
1199 3508 1227 3578 1,
1237 3509 1285 3568 35.

553 3604 611 3664 Est
624 3603 655 3662 in
669 3614 762 3663 metro
774 3603 806 3672 ii,
820 3602 863 3672 iii,
878 3603 918 3662 iv.

471 3701 500 3761 8.
520 3700 634 3761 Versus
649 3696 855 3776 Asclepiadem
873 3697 967 3756 minor
978 3716 1002 3754 s.
1015 3715 1116 3756 versus
1132 3695 1340 3758 choriambicus
1358 3698 1493 3760 trimeter
1512 3711 1634 3761 antece-

551 3795 633 3854 denti
647 3793 759 3862 similis,
775 3792 831 3850 nisi
845 3791 922 3870 quod
935 3811 993 3849 uno
1006 3791 1169 3851 choriambo
1182 3791 1353 3870 locupletior
1364 3804 1419 3852 est.

634 3894 686 3906 ιι-
724 3879 913 3982 'nutv-pp
948 3883 1108 3968 nstv-p
1148 3885 1206 3907 VM

633 3971 810 4032 Crescentem
824 3978 955 4050 sequatur
967 3987 1039 4027 cura
1052 3969 1212 4047 pecuniam.
1252 3971 1295 4039 iii,
1312 3969 1359 4040 16,
1375 3970 1422 4040 17.

550 4069 669 4128 Caesura
682 4067 726 4128 bis
738 4067 840 4126 omissa
854 4075 915 4124 est:

630 4161 887 4242 Dumflogroatio
900 4159 1047 4237 detorquet
1060 4158 1101 4216 od
1111 4161 1220 4218 orcula.
1259 4159 1292 4228 ii,
1308 4159 1355 4228 12,
1369 4159 1419 4218 25.

630 4255 699 4316 Non
713 4255 856 4335 stipendio
873 4252 1065 4330 Carthaginis
1077 4252 1178 4329 impioe.
1219 4253 1258 4323 iv,
1269 4253 1299 4322 8,
1314 4253 1370 4331 17..

549 4352 655 4414 Mirari
677 4352 756 4422 licet,
777 4351 957 4436 Bentleipm,
976 4347 1056 4417 dum,
1075 4347 1107 4406 iu
1126 4358 1195 4407 nota
1220 4347 1257 4408 ad
1280 4368 1396 4410 versum
1416 4362 1574 4430 posterum,
1593 4374 1632 4414 ex

549 4469 639 4529 pausa
652 4448 683 4507 in
697 4446 793 4507 media
803 4465 871 4506 voce
884 4443 1044 4504 constituta
1056 4453 1258 4520 argumentum
1272 4461 1372 4503 versus
1385 4444 1502 4506 delendi
1516 4458 1631 4525 petens,

548 4542 756 4612 vehementior,
767 4541 813 4601 uti
826 4539 910 4609 solet,
919 4540 951 4598 in
964 4537 1160 4597 tenebrionem
1174 4537 1267 4607 illum,
1278 4537 1328 4615 qui
1343 4539 1421 4599 hunc
1431 4561 1548 4601 versum
1561 4563 1631 4602 can·

549 4639 687 4708 texuerit,
697 4636 855 4708 invehitur,
866 4635 1019 4712 adjecisset
1043 4637 1219 4710 “uunquam
1234 4652 1272 4691 ne
1285 4632 1374 4692 semei
1389 4635 1507 4712 quidem
1521 4635 1633 4710 (sciens
