3659 5892
629 536 796 605 LIBER
819 536 865 615 11,
888 538 920 601 2.

285 696 378 771 Quid
393 693 488 771 feret,
504 701 538 757 et
553 712 653 776 quare
669 691 733 755 sibi
747 699 857 755 nectat
871 699 1010 773 uterque
1026 699 1187 753 coronam.

284 798 460 874 Caedimur,
476 804 510 860 et
525 793 661 859 totidem
675 792 781 876 plagis
797 791 1015 858 consumimus
1029 790 1168 867 hostem,

286 900 395 964 Lento
411 896 573 961 Samnites
589 894 632 958 ad
646 892 768 957 lumina
779 893 884 977 prima
899 892 1019 957 duello.

285 999 434 1065 Discedo
448 996 581 1062 Alcaeus
596 1004 719 1081 puncto
733 994 837 1057 illius:
860 993 913 1058 ille
928 1016 1000 1057 meo
1015 994 1110 1078 quis?

201 1104 265 1167 100
287 1104 372 1176 Quis
388 1104 451 1165 nisi
467 1098 706 1165 Callimachus?
730 1098 757 1161 si
772 1096 846 1180 plus
862 1097 1041 1180 adposcere
1057 1098 1157 1173 visus,

286 1205 340 1269 Fit
355 1204 581 1278 Mimnermus,
597 1212 632 1265 et
645 1199 756 1283 optivo
771 1199 962 1281 cognomine
977 1199 1105 1263 crescit.

287 1306 396 1370 Multa
410 1305 491 1382 fero,
507 1314 545 1368 ut
561 1303 686 1388 placem
698 1322 802 1385 genus
816 1298 974 1363 irritabile
989 1310 1109 1377 vatum,

288 1409 399 1483 Quum
415 1409 534 1483 scribo,
549 1416 583 1470 et
599 1403 739 1488 supplex
754 1400 868 1487 populi
884 1400 1041 1487 suffragia
1055 1412 1169 1487 capto:

288 1511 391 1587 Idem,
406 1510 508 1574 finitis
522 1507 651 1581 studiis,
667 1516 701 1569 et
714 1514 823 1567 mente
837 1514 983 1587 receptu,

205 1614 268 1678 105
289 1614 453 1677 Obturem
468 1610 597 1696 patulas
612 1610 743 1691 impune
757 1605 943 1689 legentibus
959 1628 1064 1669 aures.

288 1714 456 1779 Ridentur
469 1712 553 1777 mala
567 1710 625 1795 qui
638 1717 836 1791 componunt
851 1706 1010 1771 carmina:
1034 1728 1145 1771 verum

291 1816 450 1881 Gaudent
464 1816 656 1888 scribentes,
673 1822 707 1874 et
721 1832 757 1873 se
771 1818 978 1885 venerantur,
994 1820 1027 1872 et
1042 1808 1139 1885 ultro,

291 1918 329 1983 Si
344 1930 465 1994 taceas,
480 1914 626 1991 laudant,
642 1911 798 1996 quicquid
814 1911 986 1994 scripsere,
1002 1909 1100 1975 beati.

292 2019 341 2085 At
356 2021 413 2104 qui
427 2018 605 2103 legitimum
620 2016 731 2099 cupiet
744 2012 861 2077 fecisse
876 2034 1003 2096 poema,

209 2124 271 2189 110
292 2122 376 2187 Cum
391 2119 511 2185 tubulis
526 2120 667 2182 animum
682 2116 826 2181 censoris
841 2125 946 2181 sumet
961 2114 1108 2193 honesti,

196 2292 280 2357 sudu,
294 2298 351 2340 cett.
385 2291 441 2340 Jam
453 2286 648 2355 sequiturlsceta
661 2286 765 2353 descrip-
798 2284 973 2342 11011131,
989 2289 1014 2335 6.
1049 2286 1148 2343 Puncta,
1167 2286 1360 2351 suffrsgiuhe.

205 2358 241 2406 tio
254 2356 350 2421 superbi
363 2354 480 2410 incessus,
499 2370 548 2418 quo
565 2353 620 2401 vani
636 2352 676 2401 isti
736 2358 767 2399 tn
799 2350 926 2399 sententia.
952 2350 1046 2400 Latain
1059 2350 1360 2416 comitiisasingntissui·

206 2420 355 2469 adommim
369 2427 418 2467 tam
430 2418 553 2467 recitanda
563 2433 636 2480 quarn
648 2432 678 2465 su
698 2414 769 2465 reuda
800 2413 875 2477 fragia
887 2416 1031 2463 notabantur
1042 2416 1067 2463 in
1079 2416 1168 2464 tabulis
1178 2428 1263 2478 puncto
1270 2438 1278 2475 ς
1297 2418 1361 2467 unde

206 2484 233 2533 in
251 2486 366 2549 templum
384 2482 505 2548 Apollinis
520 2482 625 2531 Palatini
642 2496 668 2530 se
683 2481 769 2529 ferant.
798 2488 911 2541 puuctum
932 2494 973 2545 pro
995 2480 1127 2543 suffragi03
1157 2481 1294 2530 notissimus
1320 2482 1361 2531 ills

208 2550 302 2603 Qruuto
316 2550 444 2595 molimine.-
462 2546 556 2610 egregie
572 2548 675 2594 molimen
688 2544 768 2607 desig·
800 2558 883 2591 versus
901 2544 996 2591 Horatii
1012 2544 1037 2591 in
1055 2544 1131 2608 Epist.
1146 2544 1175 2593 sd
1194 2546 1246 2594 Pis.
1264 2562 1287 2594 v.
1303 2548 1360 2602 ³4³,

207 2622 251 2661 nat
261 2613 389 2661 ridiculum
399 2612 513 2667 studium,
521 2626 570 2675 quo
578 2610 678 2673 quisvel
687 2624 768 2673 gressu
803 2608 874 2655 Omne
900 2610 957 2656 tulit
981 2620 1102 2670 pranctum,
1124 2614 1163 2672 qui
1185 2612 1277 2658 miscuit
1303 2613 1362 2659 utile

208 2678 239 2725 ad
262 2685 352 2726 certam
373 2690 508 2724 mensuram
534 2674 634 2729 directo,
657 2674 695 2722 vel
720 2673 769 2723 alto
801 2674 877 2719 dulcu

137 2764 147 2779 ·
208 2758 237 2790 su
268 2741 345 2797 rcilio,
368 2740 406 2789 vel
428 2754 573 2804 quocunque
596 2738 644 2787 alio
666 2739 770 2803 corporis
838 2737 944 2783 tunm
953 2736 1116 2784 Mimnermus:
1131 2736 1161 2786 ds
1172 2738 1362 2786 Mimnermovid.

208 2806 241 2853 ba
258 2806 293 2853 itu
321 2804 445 2866 dignitatis
472 2802 639 2868 etgravitatis
666 2802 770 2867 speciem
801 2800 1049 2865 sup.adEpist.i,6,
1062 2803 1102 2849 65.
1138 2803 1229 2863 Optiuo,
1241 2803 1305 2867 quod
1317 2803 1363 2853 sibi

210 2869 308 2918 affectat
319 2879 342 2917 et
353 2868 441 2917 induit.
802 2863 853 2912 dari
864 2868 988 2930 optaverit.

242 2937 284 2983 94.
304 2934 404 2982 Vccrtum
421 2934 530 2981 Rornnms
539 2934 640 2986 ontibus,
651 2939 772 2996 patentem
838 2931 894 2976 102.
906 2930 985 2977 ,111111
988 2928 1053 2994 serm
1065 2930 1166 2979 debebat
1175 2929 1239 2978 enirn
1248 2931 1363 2981 Horatius

210 2998 286 3063 poetis
294 2997 421 3045 Romanis.
445 2998 484 3046 De
494 2996 614 3061 Apollinis
624 2996 721 3060 templo,
730 2995 774 3043 ubi
803 2992 874 3040 malis
896 2993 981 3058 poetis,
1006 3008 1036 3041 ne
1059 3010 1099 3043 eos
1121 2994 1229 3048 irritaret,
1250 2999 1363 3059 potientes

256 3070 288 3110 tas
297 3062 405 3110 carmina
413 3076 459 3109 sus
469 3061 611 3118 recitabant,
620 3060 670 3109 vid.
679 3076 733 3125 sup.
742 3059 773 3108 ad
805 3072 876 3105 aures
886 3060 991 3123 praebere
1002 3058 1109 3107 carmine
1120 3074 1164 3107 sna
1176 3060 1340 3114 recitantibus,

246 3135 263 3174 1.
276 3127 293 3183 i,
308 3128 347 3182 10,
360 3128 401 3175 38.
841 3122 1220 3186 104,105.11111,]1111111,1111.
1254 3126 1363 3174 Atnunc

244 3192 285 3239 95.
300 3191 407 3253 Sequere,
418 3204 454 3237 sc.
464 3204 508 3237 nos
518 3188 543 3235 iu
554 3188 680 3253 templum.
806 3201 859 3248 ego,
879 3187 1013 3235 carminum
1033 3186 1209 3236 scribendorum
1228 3189 1305 3238 studio
1322 3190 1363 3239 de-

245 3256 289 3303 96.
307 3254 388 3310 Ferat,
410 3252 521 3318 proterat,
534 3252 627 3301 recitet.
805 3250 891 3315 posito,
903 3259 926 3300 et
937 3252 1014 3299 surore
1024 3253 1117 3316 poetico
1128 3262 1244 3301 exurente
1256 3270 1364 3313 excusso,

245 3320 287 3367 97.
305 3318 431 3374 (ludimur,
447 3328 470 3365 et
487 3320 589 3371 totidem,
603 3324 660 3365 cett.
678 3332 771 3380 proscr-
804 3330 873 3363 aures
884 3316 1009 3377 (patulus)
1022 3331 1087 3364 meas
1098 3316 1205 3365 carmina
1216 3318 1365 3383 praelegenti-

213 3381 273 3430 biali
290 3381 412 3432 locutione
428 3397 479 3446 pro,
490 3380 553 3428 ictus
566 3380 640 3430 ictum
657 3380 772 3444 sequitur,
804 3380 851 3427 bus
866 3380 1001 3442 (obturem)
1014 3380 1124 3430 obturare
1140 3379 1225 3436 ausim,
1239 3383 1316 3447 (durs
1328 3385 1366 3430 s'cb

215 3462 269 3501 nos,
282 3446 367 3510 Schtcg
378 3446 426 3511 uus
432 3447 526 3508 serug,
535 3446 635 3511 parpsri
642 3445 772 3502 referimus,
804 3460 827 3493 cs
836 3444 893 3491 11111
903 3460 992 3507 mugen,
1002 3447 1073 3493 metire
1081 3446 1157 3493 Obren
1171 3460 1198 3493 nu
1210 3449 1364 3513 verstopj'sm

215 3510 260 3575 qni
276 3526 320 3558 nos
336 3510 407 3560 laude
423 3510 540 3566 cumulat,
552 3509 653 3559 eundem
669 3509 774 3558 vicissim
806 3508 863 3572 quia
880 3506 905 3554 id
924 3523 988 3557 nunc
1002 3509 1053 3556 fieri
1072 3518 1149 3575 potest
1165 3513 1264 3569 iruprrrre,
1283 3512 1365 3559 sdver-

214 3573 456 3624 lsudecumulamus.
793 3571 875 3639 ‘scriis
890 3571 949 3619 nihil
970 3574 1082 3637 amplius,
1094 3574 1158 3638 quod
1173 3573 1244 3623 dente
1261 3576 1367 3639 maligno

247 3640 371 3687 90-101.
391 3640 461 3687 lauto
480 3638 601 3691 Samnites,
619 3646 677 3686 cett.
697 3645 774 3685 certa·
807 3645 914 3700 carpant,
927 3636 1078 3686 habentibus.

216 3719 271 3751 mus
280 3711 305 3752 st
333 3718 461 3766 ugnamus,
469 3701 544 3751 veluti
554 3700 698 3765 gladiatores
706 3704 775 3750 Sarn-
843 3702 890 3748 106
899 3716 953 3765 sqq.
971 3704 1027 3751 Jam
1042 3701 1150 3766 sequitur
1167 3702 1233 3751 locus
1250 3712 1366 3768 praestun-

215 3767 279 3816 nites
342 3767 418 3831 prima
435 3766 542 3823 luminu
558 3782 640 3831 pugna
655 3766 719 3814 enim
734 3766 777 3814 1111
809 3764 924 3821 tissimus,
935 3782 1006 3831 quem
1016 3782 1064 3813 nou
1076 3768 1201 3832 scriptores
1211 3776 1312 3823 tantum,
1326 3769 1368 3833 qui

217 3830 560 3888 nonestservids,sedlenta.
588 3829 614 3877 Si
625 3830 684 3877 alter
694 3846 741 3886 me,
751 3838 777 3878 ut
809 3844 904 3893 osqura
922 3831 1175 3879 scribuntadrectam
1194 3834 1367 3881 1111111111κὶ-

216 3905 311 3961 poetam
323 3896 433 3959 lyricum,
446 3894 524 3942 Alcaei
543 3893 683 3956 cognomine
696 3902 773 3951 ornat,
807 3909 862 3956 gere
876 3893 968 3952 volunt,
984 3895 1025 3943 sed
1041 3895 1112 3942 etiam
1129 3894 1225 3951 tirones,
1238 3896 1280 3959 qui
1296 3895 1321 3943 iu
1339 3896 1369 3946 iis

217 3976 262 4022 ogo
280 3959 358 4017 illum,
377 3968 406 4008 ut
423 3969 517 4024 postam
535 3958 677 4021 elegiacum,
698 3958 775 4008 Calli·
808 3974 864 4022 quse
876 3957 901 4005 in
913 3959 1002 4009 scholis
1018 3958 1125 4007 scribunt
1137 3968 1161 4007 11
1174 3961 1296 4009 elaborant
1308 3971 1369 4011 recte

218 4023 307 4080 rnachi,
318 4033 343 4072 et
360 4023 381 4071 si
396 4022 421 4071 id
439 4038 488 4071 non
498 4023 557 4070 satis
571 4031 617 4077 est,
629 4022 777 4079 Mimnermi,
809 4031 834 4070 et
844 4021 972 4087 prudenter
983 4022 1068 4071 temari
1086 4038 1117 4071 cu
1135 4024 1197 4079 iunt,
1213 4033 1268 4073 ants
1287 4026 1370 4075 oculos

236 4087 285 4135 uod
303 4095 379 4153 optat,
402 4086 543 4152 cognomina
564 4102 630 4135 orno.
667 4088 779 4136 Samnites
811 4086 905 4143 habore,
921 4088 969 4136 imo
987 4087 1091 4135 ediscere
1125 4090 1204 4136 ebcnt.
1239 4090 1371 4153 Postquam

246 4162 317 4200 erunt
332 4168 409 4215 genus
427 4149 549 4225 quoddam
567 4150 732 4215 gladiatorum,
747 4152 779 4199 ab
811 4151 904 4199 scilicet
914 4152 1029 4201 Horatius
1041 4152 1149 4208 breviter,
1161 4152 1203 4200 sed
1212 4153 1273 4201 vivis
1284 4154 1369 4202 colori-

219 4224 339 4264 armaturs
357 4214 545 4278 Samnrtica(dc
559 4214 666 4279 quavid.
680 4215 733 4263 Lis.
745 4215 779 4271 ix,
811 4216 858 4263 bus
867 4215 982 4265 malorum
993 4216 1134 4291 scriptorum
1144 4217 1369 4281 pduuriuvadum·

219 4281 267 4340 40)
285 4280 319 4329 its
334 4280 462 4337 dictomm,
478 4278 522 4344 qni
538 4280 600 4327 inter
619 4278 728 4328 convivis
746 4280 778 4329 ad
809 4279 896 4336 brevit,
908 4279 995 4329 tuturis
1008 4282 1164 4346 scriptoribus
1176 4282 1212 4329 vet
1225 4282 1299 4347 poetis
1318 4290 1370 4331 tan·

218 4347 295 4407 primu
319 4347 408 4392 luminu
431 4346 550 4408 (tempore
570 4343 712 4407 vespertino,
730 4360 779 4407 qno
812 4359 885 4408 quam
907 4344 932 4393 in
957 4345 1040 4394 tabula
1061 4346 1170 4410 proponit
1190 4346 1263 4411 leges,
1284 4346 1373 4410 quibus

219 4408 296 4521 prim?
312 4408 408 4521 ἑιὲιιιίιιι
423 4407 595 4483 accenduntur,
613 4407 646 4455 ci.
663 4422 716 4473 sup.
729 4411 780 4458 Sat.
812 4408 955 4521 salubriprss
983 4420 1008 4459 11
1034 4409 1188 4475 sapientiores
1209 4411 1248 4459 vix
1274 4410 1373 4474 cogitari

221 4488 247 4527 n,
286 4509 292 4530 ,
391 4487 447 4520 onn
505 4487 554 4520 non
589 4487 778 4531 unscnsn,
867 4488 920 4521 un.

221 4536 263 4585 sed
282 4474 396 4601 curaliis
413 4482 780 4601 lonigmprodircgta)dcleectatie
811 4488 902 4585 poslsw.
922 4536 1039 4585 Ridentur
1049 4540 1110 4586 mutu
1127 4542 1176 4601 qui,
1189 4547 1244 4587 cett.
1279 4538 1372 4589 Riden-

221 4600 338 4649 solcbsut.
371 4601 411 4649 De
424 4600 513 4650 omissa
545 4599 647 4648 articula
656 4616 780 4666 compars-
812 4608 853 4648 tur
861 4599 958 4665 quidem
967 4600 1024 4648 mali
1032 4610 1121 4665 poetse;
1135 4602 1177 4652 sed
1186 4603 1210 4651 id
1222 4618 1268 4651 non
1280 4612 1374 4662 curant,

222 4664 294 4713 tionis
302 4669 372 4719 sicut,
384 4664 434 4713 vid.
444 4679 499 4731 sup.
510 4617 545 4712 ad
551 4680 576 4713 v.
587 4665 611 4712 0.
814 4664 863 4713 imo
874 4665 972 4713 mirifice
983 4666 1028 4714 sibi
1040 4667 1136 4731 placent
1148 4667 1286 4724 scribentes,
1298 4676 1354 4715 cett.

254 4730 297 4779 99.
315 4730 411 4777 Discedo
422 4730 523 4777 Alcaco:
542 4727 573 4777 de
584 4729 659 4777 Atcaeo
669 4728 717 4777 rid.
728 4742 781 4796 sup.
852 4732 905 4779 tua.
924 4732 1039 4794 Quicquid
1051 4734 1169 4795 scripsere,
1179 4734 1246 4789 beuti,
1259 4732 1375 4797 quicquid
