3659 5892
901 543 1197 610 CARMlNl'M

682 701 787 777 lllum,
805 701 831 763 si
847 701 981 785 proprio
996 699 1143 764 condidit
1158 697 1288 774 horreo,

618 807 656 870 10
680 805 852 888 Quidquid
869 804 910 867 de
929 803 1062 886 Libycis
1078 801 1218 865 verritur
1233 802 1330 864 areis.

682 907 891 971 Gaudentem
906 907 1030 990 patrios
1045 904 1172 968 findere
1189 902 1317 968 sarcrdo

683 1009 805 1094 Agros,
822 1007 975 1073 Attalicis
991 1007 1233 1072 conditionibus

683 1112 863 1196 Nunquam
878 1111 1055 1186 dimoveas,
1071 1121 1109 1174 ut
1123 1110 1217 1172 trabe
1231 1108 1355 1192 Cypria

682 1214 851 1300 Myrtoum
866 1213 1005 1299 pavidus
1020 1224 1120 1276 nauta
1135 1223 1225 1277 secet
1238 1234 1337 1275 mare.

622 1319 662 1382 15
686 1317 880 1383 Luctantem
894 1315 1007 1381 Icariis
1023 1314 1177 1380 fluctibus
1194 1311 1343 1378 Africum

688 1419 855 1485 Mercator
870 1431 1031 1496 metuens,
1048 1419 1149 1482 otium
1164 1429 1199 1481 et
1214 1417 1328 1501 oppidi

685 1523 816 1590 Laudat
832 1545 908 1586 rura
924 1523 991 1587 sui:
1016 1545 1092 1586 mox
1108 1521 1214 1585 reficit
1228 1531 1316 1583 rates

682 1627 845 1703 Quassus,
856 1625 1005 1690 indocilis
1020 1624 1211 1710 pauperiem
1226 1624 1305 1708 pati.

686 1729 750 1794 Est
765 1729 897 1814 quince
912 1729 1031 1793 veteris
1046 1726 1165 1812 pocula
1180 1725 1328 1801 Massici,

623 1833 666 1897 20
688 1831 762 1897 Nec
777 1843 903 1917 partem
919 1830 1023 1896 solido
1039 1831 1169 1894 demere
1186 1830 1227 1893 de
1242 1829 1296 1893 die

690 1935 834 2018 Spernit,
851 1934 1047 1999 nunctiridi
1062 1935 1207 1997 membra
1221 1933 1283 1994 sub
1298 1932 1418 1995 arbuto

689 2038 831 2114 Stratus,
847 2060 934 2102 nunc
949 2038 992 2101 ad
1007 2059 1101 2121 aquae
1114 2035 1188 2100 lene
1203 2045 1302 2119 caput
1318 2057 1430 2099 sacrae.

693 2139 819 2204 Multos
835 2153 943 2204 castra
953 2141 1081 2223 juvant,
1098 2150 1131 2202 et
1145 2137 1226 2202 lituo
1241 2139 1330 2202 tubae

691 2241 877 2308 Permixtus
893 2243 1029 2318 sonitus,
1045 2240 1195 2325 bellaque
1210 2241 1368 2304 matribus

624 2347 667 2410 525
691 2345 876 2410 Detestata.
922 2343 1039 2410 Manet
1053 2346 1115 2409 sub
1129 2343 1213 2408 dove
1227 2342 1349 2428 frigido

689 2447 848 2526 Venator,
866 2453 987 2512 tenerae
1001 2447 1149 2531 conjugis
1165 2447 1340 2521 immemor,

475 2631 615 2698 Tergestinis
627 2633 705 2682 tollere
716 2633 848 2690 bannitur,
860 2633 885 2682 h.
896 2649 918 2682 e.
927 2633 1040 2684 extollere
1090 2642 1192 2683 nestum
1208 2633 1235 2682 in
1251 2633 1339 2683 exteris
1355 2631 1424 2682 terris
1439 2630 1587 2687 laciendum,
1604 2646 1641 2680 re·

474 2697 621 2747 adsummor
632 2707 656 2746 et
666 2697 826 2764 amplissimos
839 2700 952 2748 bonores:
970 2701 1039 2747 bono·
1072 2651 1199 2749 iciendum
1215 2705 1292 2748 curat.
1326 2698 1435 2763 Africus,
1447 2705 1535 2744 ventus
1564 2695 1642 2745 rocel-

475 2765 539 2812 ribus
550 2771 667 2812 ostensus
679 2761 772 2812 tertiu.
801 2763 908 2822 tramae
921 2773 977 2813 cett.
985 2779 1039 2812 sen·
1072 2764 1138 2814 losus
1152 2764 1184 2812 ab
1195 2779 1283 2812 occasu
1295 2763 1356 2810 flans
1372 2759 1533 2826 (West-std-
1569 2761 1621 2821 est)
1632 2777 1641 2822 ;

475 2843 529 2876 rur:
545 2825 705 2940 sliumpnvot,
713 2826 733 2876 si
742 2827 849 2876 omniurn
858 2845 913 2894 quse
924 2827 1040 2877 inAfrica
1072 2827 1241 2894 Grecisnlds
1252 2825 1553 2902 cl.Kapp.adAnstotde
1563 2827 1642 2874 Mun·

476 2902 609 2942 naseuntur
630 2907 717 2955 rugum
729 2901 765 2942 est
775 2891 896 2950 dominus,
909 2893 935 2942 h.
944 2909 966 2941 e.
977 2893 1040 2940 alius
1071 2893 1112 2948 do.
1125 2894 1227 2943 Excurs.
1243 2892 1278 2949 iii,
1294 2892 1324 2940 ds
1338 2900 1424 2948 senus,
1442 2893 1455 2953 t
1473 2889 1541 2948 xviii,
1557 2907 1581 2955 p.
1593 2891 1643 2939 430

396 3017 399 3024 .
475 2955 693 3022 divitiarumque
705 2963 755 3006 turn
771 2956 796 3004 in
810 2956 991 3006 latifundiorum
1003 2957 1040 3004 iu·
1072 2974 1128 3023 sqq.
1155 2959 1303 3020 Pauperiore.
1331 2955 1504 3018 Parspen'srvel
1513 2966 1644 3018 paupertas

477 3021 558 3088 primis
564 3021 723 3072 cernebantur
758 3021 1041 3083 ssessionibus)delecta·
1073 3022 1138 3088 apud
1153 3021 1280 3070 Horatium
1295 3020 1358 3086 (nisi
1368 3021 1406 3070 vel
1419 3023 1491 3078 dara,
1504 3019 1543 3068 vel
1555 3024 1642 3082 tmpor-

476 3085 721 3152 circadalium,
751 3085 977 3144 .e.rllricis,etboc
990 3102 1041 3152 pro,
1074 3099 1142 3144 tarra,
1154 3085 1193 3136 vel
1205 3086 1294 3135 similia
1302 3085 1512 3145 adduntur‚)non
1522 3093 1560 3133 est
1572 3100 1643 3158 eges·
1690 3076 1696 3087 '

477 3149 603 3202 fertilibus.
629 3149 736 3200 ibn-itur·
747 3154 806 3198 areis
816 3169 823 3208 ;
841 3151 922 3214 fruges
937 3151 1002 3200 enim
1017 3150 1043 3198 in
1074 3161 1110 3201 tas
1121 3151 1415 3218 etpenuria,se‹leavitae
1427 3166 1478 3199 sors
1488 3159 1513 3199 et
1524 3147 1642 3206 condrtio,

477 3215 538 3266 treis
548 3218 620 3278 (non,
628 3214 663 3262 nti
673 3231 747 3273 nunc,
756 3214 782 3264 in
791 3215 893 3278 horreis)
904 3215 966 3264 tritrs
975 3216 1043 3278 (Sat.
1075 3231 1125 3281 qun
1133 3216 1322 3281 quis,quautnm
1334 3215 1445 3264 advitam
1456 3213 1644 3264 sustentandam

477 3279 493 3338 i,
507 3282 528 3338 1,
540 3281 580 3336 to.
602 3279 809 3391 lliiliasrumenti
822 3291 863 3328 tun
878 3283 970 3330 triverit
986 3296 1043 3328 aren
1075 3297 1135 3347 opus
1145 3288 1190 3338 est,
1202 3281 1285 3330 habet.

476 3345 584 3406 eentum)
598 3361 678 3392 ver-reu
696 3361 709 3390 o
720 3343 903 3410 colligebantur.
1108 3345 1214 3394 lasstt.
1232 3346 1274 3395 Est
1290 3348 1462 3409 qai—spernit,
1477 3360 1520 3419 pro
1536 3343 1648 3409 vulgari,

512 3411 615 3460 11-14.
633 3407 777 3458 (inridentem
787 3413 873 3472 patr-ior
881 3415 938 3459 cett.
945 3424 1040 3457 sensns:
1073 3409 1136 3460 alius
1147 3426 1196 3458 non
1207 3409 1306 3476 spernit.
1330 3410 1425 3458 Massici
1437 3409 1487 3457 vinr
1504 3408 1645 3472 generosio-

477 3473 549 3533 elius,
563 3473 606 3540 qui
622 3488 732 3536 agrorum
748 3489 856 3530 suorum,
868 3489 930 3538 quos
945 3490 959 3522 a
976 3481 1042 3539 patre
1074 3474 1115 3530 ris,
1132 3473 1158 3522 in
1176 3475 1293 3532 Massico,
1312 3481 1392 3523 monte
1411 3473 1562 3539 Campania,
1582 3475 1647 3522 nati.

478 3539 579 3606 recepit,
597 3537 665 3586 cultu
685 3537 782 3602 gaudet,
800 3546 824 3588 et
842 3549 903 3588 sorte
921 3555 966 3586 sua
982 3551 1040 3587 con·
1075 3539 1222 3600 lt'ecpsrtem
1229 3541 1478 3587 solidodemeredsdie
1485 3538 1645 3599 spernam.

477 3613 558 3654 tentus
568 3602 634 3658 vivit.
646 3619 674 3650 ne
686 3601 844 3652 maximarum
854 3603 951 3668 quidem
961 3601 1042 3651 diviti·
1074 3620 1118 3653 nee
1131 3603 1177 3652 sibi
1187 3603 1297 3668 religioni
1304 3603 1373 3653 ducit
1383 3611 1474 3667 partem
1486 3602 1517 3651 de
1528 3600 1569 3651 (lie
1580 3603 1645 3653 inte·

478 3683 569 3718 aruino
614 3667 743 3742 proposita,
756 3679 783 3716 ut
795 3676 935 3718 mercaturae
945 3682 1042 3734 operam
1075 3667 1258 3731 grodetractam
1269 3667 1386 3734 potationi
1399 3667 1545 3734 impendere.
1580 3667 1646 3717 Lens

476 3733 525 3790 det.
538 3683 626 3782 additor
644 3739 731 3798 potest.
765 3733 875 3782 Attalicis
889 3748 941 3798 pro,
954 3731 1039 3794 largis·
1073 3733 1203 3797 adaquam
1212 3733 1298 3782 leniter
1308 3748 1338 3782 ex
1347 3733 1411 3782 lonte
1421 3731 1594 3782 scaturientem
1606 3749 1648 3783 re·

476 3797 552 3854 rimie,
561 3795 730 3863 amplissimis,
746 3795 843 3845 Attalus
851 3797 973 3854 enim,rex
981 3798 1040 3846 Per·
1074 3796 1207 3848 terendum:
1221 3797 1441 3860 caput,lons,utsre
1481 3813 1584 3855 resera,
1596 3797 1646 3847 diis

477 3861 550 3975 panii,
561 3862 699 3918 immensas,
709 3863 828 3936 (quarum
838 3861 955 3932 heredem
964 3878 1046 3936 popu·
1075 3863 1209 3926 agrestibus
1231 3861 1270 3912 vel
1294 3861 1415 3928 Nymphis
1442 3813 1474 3910 id
1484 3869 1521 3911 tes
1544 3862 1648 3912 luerunt

488 3943 528 3976 urn
543 3927 681 3976 Romamn
693 3941 739 3974 sorr
758 3925 798 3982 sit,
807 3925 857 3976 vid.
870 3925 1045 3992 Flor.iir,12,)
1077 3927 1150 3976 sacri.

477 3989 725 4058 possidebatd'rvitias.
770 3991 1046 4048 amoveranesbducrs
1108 3993 1215 4041 23-25.
1233 3991 1648 4052 Etlitrwtabsrpermistnsrmritus·

477 4059 508 4106 ab
519 4071 575 4120 agro
586 4055 662 4121 patrio
674 4063 698 4104 ot
710 4070 856 4120 permovens,
869 4063 897 4104 nt
908 4064 964 4106 cett.
995 4058 1041 4121 ey.
1075 4045 1170 4114 lituus,
1187 4055 1238 4120 qui,
1255 4064 1283 4104 ut
1297 4063 1344 4103 vet.
1361 4053 1438 4102 schol.
1455 4054 1575 4112 observat,
1592 4065 1646 4106 erat

475 4125 528 4184 prta
543 4119 756 4186 promereamus,
774 4129 906 4170 mercatura
918 4120 982 4169 enim
991 4121 1042 4186 Cy·
1075 4118 1562 4183 incurvnsetsonoecuto,luitequitu1n;
1577 4123 1646 4179 ruas,

477 4201 534 4262 prus
542 4185 600 4234 olim
611 4183 656 4233 luit
664 4183 818 4234 nobilissima.
837 4185 958 4248 ltlprtsunr
968 4203 1042 4234 mare:
1093 4202 1130 4234 un
1148 4195 1199 4236 erat
1211 4183 1304 4234 directa
1319 4193 1343 4233 et
1359 4199 1420 4232 sono
1433 4182 1510 4248 gravi,
1522 4184 1649 4250 peditum.

478 4259 512 4300 rte
520 4265 575 4317 pars
587 4248 660 4300 maris
668 4249 747 4314 AEgsei
758 4250 789 4298 ab
798 4248 878 4300 insula
887 4251 969 4314 Myrto
977 4249 1044 4300 dice·
1076 4202 1197 4300 detestata
1209 4248 1311 4315 passive.

478 4317 556 4366 batur.
1107 4316 1214 4364 25-28.
1230 4315 1322 4363 Manet.
1351 4312 1645 4378 Manere(ntiapndnos,

512 4381 617 4430 lt-lu.
648 4377 784 4428 Lactantem
808 4387 865 4428 cett.
889 4394 991 4428 sensns:
1019 4387 1045 4430 at
1075 4379 1177 4444 blattea)
1190 4395 1242 4445 pro,
1253 4387 1402 4443 pernoctare,
1414 4392 1479 4443 sepe
1490 4377 1557 4444 apud
1569 4379 1648 4429 Cice·

478 4443 552 4494 slium
564 4445 636 4510 juvat
650 4458 702 4492 esse
717 4451 881 4500 mercatorem,
892 4443 945 4507 qui,
957 4459 1047 4508 quam·
1075 4459 1157 4493 ronsm
1174 4452 1199 4494 et
1215 4443 1332 4502 Livinm;
1351 4442 1430 4490 multa
1447 4442 1559 4517 exempla
1574 4443 1646 4494 (labit

477 4511 519 4568 ris,
540 4508 655 4558 saeviente
680 4507 705 4556 in
728 4507 787 4556 mari
806 4515 956 4573 tempestate,
977 4523 1044 4558 nunc
1075 4506 1308 4558 DrakenbadLiv.
1320 4507 1354 4564 iii,
1367 4509 1408 4556 45.
1422 4506 1435 4569 §
1448 4507 1472 4555 7.
1481 4507 1513 4555 T.
1521 4524 1538 4565 1,
1567 4510 1645 4558 .725.

477 4583 635 4624 mercaturam
646 4571 753 4630 damnet,
764 4581 788 4621 et
797 4573 873 4621 otium
886 4581 961 4636 atque
972 4588 1041 4621 secu-
1074 4573 1122 4621 Sab
1139 4574 1203 4628 Jove,
1221 4572 1268 4621 sub
1284 4572 1357 4630 coelo,
1376 4572 1425 4621 ὑπὸ
1443 4571 1509 4629 Διός.
1544 4523 1645 4629 lerata.

475 4639 570 4688 ritatem
587 4654 637 4703 qua
657 4638 682 4684 in
699 4636 776 4702 patria
792 4636 838 4686 lrui
857 4637 933 4702 possit
950 4635 1044 4694 laudet,
1074 4638 1143 4687 tereti
1152 4638 1192 4688 filo
1201 4637 1330 4687 confectas.
1347 4636 1646 4701 llarruspro‚Marsicus,

476 4719 532 4752 mort
549 4711 630 4752 tamen
650 4717 713 4751 nova
729 4701 867 4750 divitiarum
884 4700 1047 4750 cumulanda·
1076 4702 1198 4767 epitheton
1211 4716 1315 4761 ornans;
1332 4701 1395 4766 apris
1408 4716 1495 4767 nempe
1506 4701 1647 4753 abundabat

476 4783 529 4820 runt
538 4767 670 4834 cupiditate
682 4765 787 4830 agitatus
798 4767 897 4816 tractam
907 4781 1003 4824 navem,
1013 4767 1045 4816 ed
1076 4767 1184 4817 saltuosa
1195 4767 1332 4815 Marsonrm
1344 4767 1418 4830 regio.
