3659 5892
653 538 817 603 LIBER
840 539 867 617 1,
891 542 944 604 20.

248 694 288 758 15
310 693 378 767 Qui
393 692 475 758 male
490 703 658 778 parentem
673 694 708 757 in
722 716 820 779 rupes
836 695 995 779 protrusit
1011 694 1144 761 asellum

308 796 434 860 Iratus:
457 796 531 879 quis
546 796 632 860 enim
646 796 781 861 invitum
796 820 925 863 servare
941 797 1087 864 laboretl

308 898 385 963 Hoc
400 921 530 983 quoque
545 910 578 963 te
592 910 712 976 manet,
728 910 765 963 ut
780 922 900 984 pueros
915 899 1074 965 elementa
1090 900 1260 965 docentem

308 1001 462 1087 Occupet
476 1002 629 1067 extremis
644 1002 679 1064 in
694 1001 772 1066 vicis
787 1000 886 1067 balba
902 1012 1063 1067 senectae.

309 1104 421 1177 Quum
435 1106 496 1170 tibi
511 1104 558 1170 sol
574 1104 706 1189 tepidus
721 1103 832 1189 plures
847 1105 1027 1170 admoverit
1042 1126 1150 1181 aures,

243 1208 286 1271 20
307 1205 366 1273 Me
380 1206 533 1272 libertino
549 1218 661 1272 natum
674 1218 780 1292 patre,
795 1218 830 1273 et
844 1208 878 1273 in
893 1208 983 1273 tenui
997 1230 1032 1273 re

308 1308 454 1395 Majores
469 1330 593 1394 pennas
608 1310 688 1375 nido
701 1310 890 1375 extendisse
904 1309 1048 1395 loqueris
1062 1337 1070 1387 3

308 1410 356 1475 Ut
371 1423 528 1496 quantum
542 1412 655 1496 generi
670 1410 793 1489 demas,
809 1412 985 1477 virtutibus
1000 1412 1121 1477 addas:

308 1512 366 1579 Me
381 1515 493 1600 primis
508 1515 599 1579 urbis
615 1514 691 1579 belli
706 1514 869 1599 placuisse
883 1515 1054 1599 domique;

308 1616 464 1701 Corporis
478 1616 600 1702 exigui,
617 1639 814 1701 praeconum,
830 1617 954 1683 solibus
970 1629 1094 1703 aptum,

243 1720 286 1784 25
307 1720 409 1785 Irasci
424 1718 572 1796 celerem,
589 1729 697 1784 tamen
712 1730 749 1785 ut
763 1719 932 1805 placabilis
948 1744 1064 1787 essem.

305 1822 405 1888 Forte
419 1843 527 1888 meum
542 1824 569 1886 si
584 1823 657 1907 quis
672 1834 704 1887 te
720 1824 966 1907 percontabitur
982 1846 1099 1901 aevum,

221 2026 293 2075 Ovid.
305 2028 352 2092 Ep.
363 2042 394 2077 ex
410 2028 484 2077 Pont.
502 2028 519 2084 1,
535 2030 556 2085 1,
568 2028 609 2084 72,
623 2028 735 2075 Conditus
752 2036 780 2075 nt
812 2026 920 2076 carmina
935 2000 960 2075 in
975 2025 1040 2075 ludis
1051 2025 1166 2075 dictatum
1184 2024 1213 2073 iri
1224 2026 1374 2077 vaticinatur.

221 2093 287 2141 tiara
302 2094 459 2155 serpiterna
473 2094 540 2142 liber.
574 2094 700 2141 Vocantur
710 2091 781 2141 tinea
814 2092 867 2141 Nec
883 2092 923 2141 hic
940 2090 1071 2141 carminum
1084 2089 1374 2141 suoruminscbolismi-

219 2158 313 2211 inertes,
331 2156 399 2221 quia,
419 2166 576 2223 preterquam
597 2156 663 2223 quod
684 2156 780 2212 rodunt,
813 2156 912 2206 neribus
923 2172 982 2205 usus
993 2155 1104 2205 dedecori
1115 2171 1167 2205 esse
1177 2156 1255 2221 potuit
1266 2156 1373 2207 Horatio.

221 2218 281 2268 nibil
297 2231 385 2333 qpunm
401 2232 460 2271 suut
474 2222 548 2278 enim,
564 2230 592 2271 ut
608 2220 712 2285 loquitur
724 2220 780 2271 Vir·
814 2220 902 2271 Scribit
916 2221 1013 2287 quidem
1029 2218 1070 2270 ille
1085 2222 1136 2271 Set.
1147 2220 1164 2277 i,
1179 2222 1217 2277 10,
1229 2222 1269 2277 75,
1282 2223 1320 2269 An
1332 2233 1374 2271 tna

220 2284 293 2349 gilius
321 2286 416 2342 eineis,
427 2290 538 2350 ignarum
547 2303 631 2349 pectem·
649 2285 695 2333 nisi
706 2288 779 2333 tineas
811 2286 898 2334 dentem
908 2288 996 2335 Vilibus
1008 2288 1032 2333 in
1045 2286 1312 2335 iudisdictrrirarminn
1324 2304 1373 2334 ma·

220 2351 303 2398 inerter
321 2350 442 2416 explicare
461 2351 540 2405 malis.
560 2352 651 2399 artibus
671 2349 779 2400 infestas.
811 2352 856 2397 tiri
873 2350 915 2399 sed
936 2350 1008 2407 idem,
1029 2350 1080 2399 Sat.
1101 2349 1127 2405 ii.
1147 2352 1168 2406 1,
1188 2350 1227 2405 71,
1250 2349 1374 2425 plagosum

220 2415 356 2479 Autfagiar
370 2416 471 2472 Uticam,
481 2426 533 2473 atti,
544 2423 602 2465 cett.
613 2423 657 2463 aut
666 2430 697 2463 ex
711 2415 779 2471 urbs,
813 2414 932 2463 Orbilium
944 2413 1103 2480 antiquissimi
1115 2424 1190 2480 poete
1203 2414 1266 2464 Livii
1278 2416 1373 2465 Andro-

220 2478 263 2527 ubi
279 2480 444 2536 contemneris,
462 2480 488 2528 in
504 2488 579 2531 terras
594 2480 665 2552 longe
679 2488 781 2529 remotam
813 2478 861 2528 nici
883 2480 990 2529 carmina
1011 2478 1057 2527 sibi
1079 2482 1175 2527 dictasse
1195 2478 1236 2529 ait.
1268 2480 1375 2529 detrectas

220 2542 304 2607 fugias.
337 2545 386 2593 Pro
399 2544 466 2596 terris
481 2546 552 2609 longa
565 2552 662 2593 remota
677 2542 740 2599 ideo.
752 2555 781 2593 ut
811 2544 888 2601 balba,
908 2560 956 2594 non
976 2559 1028 2592 raro
1047 2543 1111 2593 enim
1130 2560 1173 2593 vox
1193 2542 1373 2607 grandmvorum

219 2606 280 2657 bene
299 2608 421 2661 Gesnerus
439 2620 529 2663 monet.
549 2610 641 2657 Uticam
660 2608 779 2673 (nobilem
811 2608 886 2657 blesa
896 2617 921 2658 et
932 2608 1003 2657 balba
1013 2624 1065 2657 esse
1078 2608 1147 2657 solet.
1173 2609 1281 2670 Occupet,
1294 2624 1329 2659 sc.
1340 2619 1372 2667 te,

218 2672 286 2721 illam
296 2674 379 2723 urbem
389 2672 415 2721 in
423 2673 507 2723 Africa
516 2672 636 2736 extrema)
644 2682 670 2722 et
677 2672 780 2721 Ilerdam
811 2681 836 2721 te
845 2672 972 2738 opprimat,
983 2672 1027 2722 tibi
1039 2672 1149 2739 obrepat:
1163 2688 1216 2737 sup.
1230 2689 1252 2721 v.
1263 2675 1292 2723 10
1302 2674 1372 2733 dixit,

220 2738 316 2799 (urbem
333 2737 358 2785 in
375 2738 507 2805 Hispania)
518 2738 606 2804 posuit,
619 2737 677 2803 quia
687 2746 739 2785 tum
753 2737 779 2787 in
811 2739 880 2787 donec
890 2748 913 2786 tr
924 2740 1008 2786 dorem
1019 2748 1081 2786 atas.

220 2802 257 2851 bis
278 2801 339 2851 locis
361 2802 527 2852 Romanarum
552 2803 675 2851 literarum
699 2801 779 2851 studia
845 2803 884 2851 19.
905 2802 944 2849 Sol
958 2806 1062 2865 tepidus:
1080 2800 1109 2849 iis
1125 2801 1188 2849 horis
1205 2800 1373 2866 pomeridianis

218 2867 314 2915 tractari
329 2875 354 2917 et
366 2868 453 2917 terrere
467 2867 623 2933 incipiebant.
655 2868 686 2916 In
701 2867 779 2937 Epist.
810 2866 899 2931 quibus
921 2866 980 2915 solis
1001 2866 1066 2915 calor
1088 2874 1125 2915 est
1147 2866 1243 2925 mitior;
1263 2866 1374 2917 videntur

219 2930 252 2979 ad
261 2932 313 2980 Pis.
323 2949 348 2981 v.
359 2933 417 2989 345,
429 2932 460 2982 de
475 2934 545 2981 bona
557 2931 631 2997 frugis
650 2932 719 2987 libro,
734 2932 780 2981 Hir
811 2930 957 2981 scilicetboo
968 2938 1070 2998 tempore
1079 2930 1156 2997 (apud
1168 2946 1210 2981 nos
1220 2932 1283 2979 circa
1292 2930 1372 2979 horam

219 3006 344 3047 merstem
360 2998 507 3054 liberSoriis,
519 2999 556 3047 bic
570 3008 592 3046 et
608 3014 670 3045 mare
685 3000 779 3047 transit.
812 2996 884 3045 ferma
901 2996 1003 3059 nonam)
1016 3006 1124 3071 parentes
1135 2996 1172 3044 vel
1184 2995 1224 3043 alii
1241 2995 1309 3044 ludos
1321 2995 1372 3044 adi-

223 3063 327 3117 Vinctus,
336 3077 372 3111 ss.
382 3060 505 3119 funiculis,
513 3063 600 3127 quibus
608 3077 673 3109 nunc
682 3076 779 3126 quoque
811 3060 866 3116 isse,
878 3071 911 3117 et,
941 3076 978 3108 uae
996 3061 1028 3109 ibt
1047 3060 1190 3109 doceremur
1208 3060 1283 3125 pueri.
1302 3060 1371 3109 audi-

218 3123 362 3189 colligantur
371 3134 395 3175 et
403 3126 598 3191 comminguntur
607 3125 662 3174 libri
670 3124 695 3173 in
703 3134 779 3175 terras
809 3126 880 3175 visse.
941 3126 980 3174 inc
997 3142 1051 3191 sup.
1067 3126 1118 3173 Set.
1130 3124 1147 3179 i,
1163 3126 1187 3179 6,
1201 3127 1241 3181 82,
1258 3124 1372 3173 Horatius

219 3198 320 3239 remotas
342 3189 459 3240 mittendi.
504 3191 556 3239 Alii
576 3192 661 3255 legunt
684 3201 777 3247 >unctus
810 3190 981 3255 depatrssuo,
994 3189 1045 3251 lpse
1062 3190 1118 3237 milri
1135 3193 1371 3253 cristosiracorruptis·

219 3253 245 3301 b.
263 3270 286 3303 e.
305 3254 374 3303 sorde
396 3256 518 3321 pollutus;
536 3254 579 3304 sed
600 3254 677 3318 magis
699 3255 780 3320 placet
810 3258 880 3304 simus
892 3272 966 3303 omnes
978 3256 1070 3303 Circum
1087 3257 1186 3303 (iactares
1197 3258 1287 3305 ader-ut.
1322 3258 1372 3303 iln-

218 3322 317 3367 vinam.
360 3320 483 3375 Ceterum,
508 3318 574 3385 quod
599 3319 713 3369 Horatius
741 3319 780 3369 vel
810 3335 856 3376 res,
868 3318 997 3368 auditores.

218 3384 320 3432 maxime
331 3382 424 3434 innotis
433 3384 780 3443 babuit,scilicetntcarmina
843 3386 885 3433 20.
902 3385 1021 3433 Liber-tino
1036 3394 1117 3445 patre:
1135 3383 1167 3431 ci.
1184 3398 1237 3447 sup.
1250 3384 1301 3431 Sat.
1316 3381 1333 3439 i,
1347 3384 1372 3440 ti,

219 3448 364 3497 suainloca
378 3449 536 3499 remotissima
567 3456 780 3516 ropagarentunst
812 3451 852 3498 45.
873 3448 931 3502 Fuit
942 3456 1021 3497 autem
1030 3456 1096 3513 pater
1108 3448 1201 3497 Horatii
1209 3458 1310 3496 coactor:
1324 3446 1372 3496 vid.

218 3513 282 3575 quod
300 3512 442 3577 ingloriam
458 3530 527 3563 suam
552 3523 645 3563 uturum
661 3529 779 3588 essesup.
812 3512 946 3564 tunso.

218 3576 242 3624 in
254 3577 315 3626 Odis
325 3578 388 3641 (vid.
398 3580 500 3643 Argum.
511 3578 683 3645 hujusEpist.)
692 3580 775 3627 vatici·
840 3579 881 3625 21.
898 3578 998 3643 biqiores
1016 3594 1102 3639 persnas
1121 3580 1183 3633 aido,
1204 3585 1261 3625 cett.
1280 3590 1326 3631 me,
1345 3573 1371 3623 in

218 3650 289 3691 natus
303 3653 349 3701 est,
360 3643 384 3691 id
401 3660 466 3693 nunc
482 3644 513 3692 ad
530 3644 595 3693 mala
611 3660 666 3707 qum
680 3642 740 3692 liber
750 3644 776 3692 in
809 3658 834 3691 re
844 3641 912 3691 tenui
929 3650 1019 3698 natum,
1031 3642 1123 3707 majora
1134 3650 1158 3691 et
1174 3641 1258 3689 altiora
1274 3640 1371 3704 assequi

218 3706 342 3771 publicum
362 3709 463 3757 emissus
481 3717 619 3775 experturus
641 3706 681 3766 sit,
702 3708 776 3757 simu-
809 3706 939 3756 studuisse.
955 3706 1078 3771 Expressit
1087 3707 1130 3755 hoe
1139 3706 1280 3769 imaginenb
1290 3704 1371 3752 avium

219 3772 384 3821 lanterraiett.
809 3770 883 3837 pullis
904 3770 986 3827 ducta.
1005 3770 1047 3835 qui
1067 3770 1167 3836 majores
1187 3786 1277 3845 pennas
1297 3769 1371 3825 nacti,

255 3838 356 3887 14-16.
368 3838 462 3887 Ridebit
472 3839 579 3895 monitor,
586 3847 641 3886 cett.
669 3838 774 3886 Sensus:
808 3852 863 3885 cum
874 3837 1023 3885 evolarunte
1036 3834 1102 3891 nido,
1114 3835 1144 3884 sd
1156 3835 1240 3883 altiore
1251 3833 1362 3883 tendunt.

217 3908 269 3949 tum
286 3917 330 3965 ego
349 3910 381 3959 te,
396 3901 436 3965 qui
453 3918 502 3949 non
515 3902 635 3951 exaudisti
652 3918 707 3966 quas
725 3918 775 3951 mo·
840 3902 882 3949 22.
906 3902 938 3948 Ut
961 3911 1082 3965 querutum,
1098 3908 1155 3949 cett.
1172 3901 1206 3948 ita
1223 3899 1328 3963 quidem,
1346 3908 1372 3947 ut

217 3964 268 4022 nui,
280 3965 370 4023 ridebo,
381 3966 444 4017 sicut
459 3966 501 4015 ille
516 3966 542 4014 iu
553 3965 641 4015 fabulis
651 3965 704 4015 risit
714 3966 776 4016 asel·
808 3965 887 4029 gentis
904 3981 964 4015 meai
982 3964 1155 4029 ignobilitatem
1173 3980 1312 4030 compenses
1325 3962 1370 4011 vir·-

217 4029 276 4087 lum,
288 4031 340 4095 qui,
349 4046 405 4079 cum
416 4046 496 4097 parere
507 4030 591 4089 nollet,
601 4032 631 4080 ab
641 4048 670 4081 eo
680 4030 739 4082 irato
750 4031 775 4079 in
807 4038 886 4079 tutum
893 4046 997 4079 mesmm
1008 4029 1140 4079 nobilitate.
1158 4029 1197 4077 Ad
1205 4032 1277 4077 addas
1285 4028 1371 4093 supple

216 4111 298 4170 rupem
310 4096 527 4171 protrususseiude
538 4096 684 4161 precipitem
695 4094 775 4157 dedit;
809 4104 908 4151 tuntum,
928 4094 991 4160 quod
1010 4094 1047 4143 vel
1064 4103 1117 4160 post
1131 4096 1169 4143 vel
1185 4102 1240 4142 aute
1258 4103 1371 4156 quantum

215 4164 724 4226 qunanrmcuretservarerepugnantemi
809 4160 896 4226 sepius
915 4160 993 4208 omitti
1016 4159 1096 4207 solet:
1122 4158 1171 4207 vid.
1194 4159 1316 4211 Dmleub.
1340 4157 1370 4207 ad

251 4225 290 4281 17,
313 4228 353 4279 18.
382 4227 431 4275 Huc
451 4242 546 4292 quoqtte.
568 4234 624 4274 cett.
668 4228 774 4275 Sensus:
810 4224 1210 4289 11111,10,111,’1’.1,ρ.111.

217 4289 268 4338 brec
280 4306 376 4355 quoque
387 4290 431 4339 tibi
438 4290 602 4339 destinataest
612 4306 671 4347 sors,
681 4299 709 4339 ut
718 4306 775 4356 pue·
841 4291 883 4338 23.
902 4290 986 4337 Primis
995 4290 1068 4343 urbis.
1079 4288 1218 4343 nominatim
1226 4288 1369 4335 Maecenati:

217 4370 255 4402 ros
276 4354 303 4403 in
321 4354 433 4404 extremis
450 4354 510 4403 vicis
529 4354 648 4404 elementa
669 4354 778 4404 docendo
809 4370 863 4419 sup.
880 4356 932 4401 Sat.
950 4353 1013 4409 11,1,
1030 4354 1062 4401 76
1080 4353 1148 4408 dicit,
1165 4364 1240 4401 tanen
1259 4369 1292 4399 nra
1313 4353 1371 4399 Cum

217 4434 382 4469 mnseneseas.
415 4420 478 4469 Cum
494 4429 558 4469 esset
571 4419 635 4485 apud
654 4420 777 4469 Romanos
809 4422 898 4481 inriguis
920 4420 1001 4466 sitisse
1021 4420 1096 4466 inuita
1108 4418 1229 4482 fatebitur
1244 4434 1314 4479 usqne
1330 4416 1370 4463 ln·

218 4482 256 4531 bie
273 4499 333 4541 mos,
351 4492 378 4533 ut
393 4484 480 4549 pueris,
496 4484 585 4550 quibus
603 4483 627 4531 in
644 4484 717 4542 ludis,
734 4485 777 4550 qui
808 4485 880 4531 sidio.
916 4482 992 4530 Belli:
1008 4482 1120 4531 Horatius
1132 4482 1242 4529 militavit
1260 4482 1371 4529 tribunus

218 4557 284 4597 erant
295 4548 321 4597 in
332 4548 443 4612 extremis
453 4548 512 4597 vicis
522 4548 559 4597 vel
571 4548 688 4614 compitis,
702 4548 778 4615 prima
810 4548 885 4595 Bruto
902 4548 992 4596 militiai
1011 4550 1077 4601 duce,
1091 4545 1138 4597 od.
1155 4546 1179 4605 ii,
1194 4548 1218 4604 7,
1237 4546 1262 4598 2,
1279 4544 1329 4599 sed,
1346 4555 1372 4594 ut

216 4612 334 4663 elementa
345 4614 505 4672 tradebantur,
518 4613 635 4663 nobilium
654 4623 778 4683 poetarum
809 4612 861 4681 ipse
883 4610 982 4668 ibidem,
1002 4628 1025 4660 v.
1047 4614 1085 4666 10,
1106 4612 1202 4666 latetur,
1225 4611 1306 4657 relicta
1327 4628 1370 4657 riou

218 4677 332 4735 earmina,
343 4694 398 4743 quas
409 4678 445 4727 illi
456 4679 598 4734 ediscerent,
610 4694 626 4727 a
636 4677 776 4742 ludimagis-
810 4680 864 4725 berre
875 4677 982 4739 parmula
992 4695 998 4723 r
1017 4674 1049 4724 cl.
1061 4690 1114 4741 sup.
1126 4676 1177 4723 Sat.
1190 4676 1206 4730 i,
1219 4676 1243 4729 6,
1255 4675 1295 4721 25.

218 4741 260 4789 tris
270 4745 417 4792 dictarentur
424 4762 433 4803 ,·
446 4744 498 4807 jam
506 4744 620 4793 Horatius
631 4760 675 4791 sua
683 4758 829 4856 quoquek2
844 4744 884 4791 24.
899 4742 1005 4803 Corporis
1012 4743 1089 4803 erigut
1096 4760 1102 4786 :
1119 4755 1171 4805 sup.
1183 4742 1234 4787 Sat.
1242 4737 1268 4793 11,
1281 4740 1304 4795 3,
1313 4740 1370 4795 309,

761 4825 775 4855 r
