<?xml version="1.0" encoding="UTF-8"?>
<!DOCTYPE html PUBLIC "-//W3C//DTD XHTML 1.0 Transitional//EN"
    "http://www.w3.org/TR/xhtml1/DTD/xhtml1-transitional.dtd">
<html xmlns="http://www.w3.org/1999/xhtml" xml:lang="en" lang="en">
 <head>
  <title>
</title>
<meta http-equiv="Content-Type" content="text/html;charset=utf-8" />
  <meta name='ocr-system' content='tesseract 3.04.00' />
  <meta name='ocr-capabilities' content='ocr_page ocr_carea ocr_par ocr_line ocrx_word'/>
</head>
<body>
  <div class='ocr_page' id='page_1' title='image "./qhoratiiflaccio01drgoog_0033.png"; bbox 0 0 3659 5892; ppageno 0'>
   <div class='ocr_carea' id='block_1_1' title="bbox 566 545 1330 608">
    <p class='ocr_par' dir='ltr' id='par_1_1' title="bbox 566 545 1330 608">
     <span class='ocr_line' id='line_1_1' title="bbox 566 545 1330 608; baseline -0.007 -2"><span class='ocrx_word' id='word_1_1' title='bbox 566 547 753 608; x_wconf 79' lang='lat' dir='ltr'>HORATII</span> <span class='ocrx_word' id='word_1_2' title='bbox 773 545 936 608; x_wconf 79' lang='lat' dir='ltr'><strong>METRA.</strong></span> <span class='ocrx_word' id='word_1_3' title='bbox 1269 562 1330 604; x_wconf 76' lang='lat' dir='ltr'><strong>aar</strong></span> 
     </span>
    </p>
   </div>
   <div class='ocr_carea' id='block_1_2' title="bbox 181 689 1328 1336">
    <p class='ocr_par' dir='ltr' id='par_1_2' title="bbox 181 689 1328 1336">
     <span class='ocr_line' id='line_1_2' title="bbox 255 689 1328 770; baseline -0.002 -19"><span class='ocrx_word' id='word_1_4' title='bbox 255 695 306 752; x_wconf 90' lang='lat' dir='ltr'><strong>boc</strong></span> <span class='ocrx_word' id='word_1_5' title='bbox 326 693 448 770; x_wconf 87' lang='lat' dir='ltr'><strong>affirmo)</strong></span> <span class='ocrx_word' id='word_1_6' title='bbox 462 692 593 754; x_wconf 74' lang='lat' dir='ltr'>discessit</span> <span class='ocrx_word' id='word_1_7' title='bbox 613 695 649 754; x_wconf 91' lang='lat' dir='ltr'><strong>ab</strong></span> <span class='ocrx_word' id='word_1_8' title='bbox 669 695 723 754; x_wconf 87' lang='lat' dir='ltr'><strong>hac</strong></span> <span class='ocrx_word' id='word_1_9' title='bbox 742 693 940 766; x_wconf 58' lang='lat' dir='ltr'><strong>(observandas</strong></span> <span class='ocrx_word' id='word_1_10' title='bbox 959 712 1064 770; x_wconf 90' lang='lat' dir='ltr'><strong>nempe</strong></span> <span class='ocrx_word' id='word_1_11' title='bbox 1084 692 1214 769; x_wconf 71' lang='lat' dir='ltr'><strong>cesurae)</strong></span> <span class='ocrx_word' id='word_1_12' title='bbox 1227 689 1328 768; x_wconf 59' lang='lat' dir='ltr'><strong>remila</strong></span> 
     </span>
     <span class='ocr_line' id='line_1_3' title="bbox 256 787 736 866; baseline 0.006 -21"><span class='ocrx_word' id='word_1_13' title='bbox 256 789 362 846; x_wconf 81' lang='lat' dir='ltr'><strong>Noster</strong></span> <span class='ocrx_word' id='word_1_14' title='bbox 376 789 405 846; x_wconf 89' lang='lat' dir='ltr'><strong>in</strong></span> <span class='ocrx_word' id='word_1_15' title='bbox 419 808 504 846; x_wconf 83' lang='lat' dir='ltr'><strong>versu</strong></span> <span class='ocrx_word' id='word_1_16' title='bbox 518 787 736 866; x_wconf 80' lang='lat' dir='ltr'><strong>Asclepiadeo.”</strong></span> 
     </span>
     <span class='ocr_line' id='line_1_4' title="bbox 256 882 803 960; baseline 0 -20"><span class='ocrx_word' id='word_1_17' title='bbox 256 882 353 941; x_wconf 87' lang='lat' dir='ltr'><strong>Semel</strong></span> <span class='ocrx_word' id='word_1_18' title='bbox 366 883 397 940; x_wconf 90' lang='lat' dir='ltr'><strong>in</strong></span> <span class='ocrx_word' id='word_1_19' title='bbox 412 901 500 959; x_wconf 86' lang='lat' dir='ltr'><strong>pausa</strong></span> <span class='ocrx_word' id='word_1_20' title='bbox 512 882 607 941; x_wconf 87' lang='lat' dir='ltr'><strong>brevis</strong></span> <span class='ocrx_word' id='word_1_21' title='bbox 620 893 664 941; x_wconf 89' lang='lat' dir='ltr'><strong>est</strong></span> <span class='ocrx_word' id='word_1_22' title='bbox 679 882 803 960; x_wconf 81' lang='lat' dir='ltr'><strong>syllaba:</strong></span> 
     </span>
     <span class='ocr_line' id='line_1_5' title="bbox 298 974 1165 1056; baseline -0.002 -24"><span class='ocrx_word' id='word_1_23' title='bbox 298 976 390 1042; x_wconf 79' lang='lat' dir='ltr'><strong>Quam</strong></span> <span class='ocrx_word' id='word_1_24' title='bbox 404 976 430 1032; x_wconf 85' lang='lat' dir='ltr'><strong>si</strong></span> <span class='ocrx_word' id='word_1_25' title='bbox 444 975 585 1055; x_wconf 81' lang='lat' dir='ltr'><strong>quidquid</strong></span> <span class='ocrx_word' id='word_1_26' title='bbox 596 984 664 1034; x_wconf 84' lang='lat' dir='ltr'><strong>arat</strong></span> <span class='ocrx_word' id='word_1_27' title='bbox 677 978 801 1055; x_wconf 80' lang='lat' dir='ltr'><strong><em>impiger</em></strong></span> <span class='ocrx_word' id='word_1_28' title='bbox 814 975 956 1056; x_wconf 81' lang='lat' dir='ltr'><strong>Appulus.</strong></span> <span class='ocrx_word' id='word_1_29' title='bbox 996 975 1039 1043; x_wconf 92' lang='lat' dir='ltr'><strong>iii,</strong></span> <span class='ocrx_word' id='word_1_30' title='bbox 1056 974 1102 1045; x_wconf 99' lang='grc'><strong>16,</strong></span> <span class='ocrx_word' id='word_1_31' title='bbox 1116 974 1165 1032; x_wconf 91' lang='grc'><strong>86.</strong></span> 
     </span>
     <span class='ocr_line' id='line_1_6' title="bbox 257 1069 652 1140; baseline 0.003 -14"><span class='ocrx_word' id='word_1_32' title='bbox 257 1069 313 1128; x_wconf 88' lang='lat' dir='ltr'><strong>Est</strong></span> <span class='ocrx_word' id='word_1_33' title='bbox 326 1071 356 1127; x_wconf 93' lang='lat' dir='ltr'><strong>iu</strong></span> <span class='ocrx_word' id='word_1_34' title='bbox 370 1081 463 1129; x_wconf 88' lang='lat' dir='ltr'><strong>metro</strong></span> <span class='ocrx_word' id='word_1_35' title='bbox 476 1073 497 1140; x_wconf 89' lang='lat' dir='ltr'><strong>i,</strong></span> <span class='ocrx_word' id='word_1_36' title='bbox 511 1071 542 1138; x_wconf 89' lang='lat' dir='ltr'><strong>ii,</strong></span> <span class='ocrx_word' id='word_1_37' title='bbox 556 1071 598 1140; x_wconf 89' lang='lat' dir='ltr'><strong>iii,</strong></span> <span class='ocrx_word' id='word_1_38' title='bbox 613 1071 652 1128; x_wconf 85' lang='lat' dir='ltr'><strong>iv.</strong></span> 
     </span>
     <span class='ocr_line' id='line_1_7' title="bbox 181 1163 1327 1244; baseline -0.003 -20"><span class='ocrx_word' id='word_1_39' title='bbox 181 1167 208 1224; x_wconf 87' lang='lat'><strong>9.</strong></span> <span class='ocrx_word' id='word_1_40' title='bbox 228 1164 338 1222; x_wconf 80' lang='lat' dir='ltr'>Versus</span> <span class='ocrx_word' id='word_1_41' title='bbox 356 1164 564 1244; x_wconf 80' lang='lat' dir='ltr'><strong>Asclepiadeos</strong></span> <span class='ocrx_word' id='word_1_42' title='bbox 585 1165 675 1242; x_wconf 88' lang='lat' dir='ltr'><strong>major</strong></span> <span class='ocrx_word' id='word_1_43' title='bbox 688 1186 710 1224; x_wconf 89' lang='lat' dir='ltr'><strong>s.</strong></span> <span class='ocrx_word' id='word_1_44' title='bbox 725 1165 933 1224; x_wconf 63' lang='lat' dir='ltr'><strong>choriambicum</strong></span> <span class='ocrx_word' id='word_1_45' title='bbox 952 1175 1131 1232; x_wconf 68' lang='lat' dir='ltr'><strong>tetrameter,</strong></span> <span class='ocrx_word' id='word_1_46' title='bbox 1145 1163 1327 1224; x_wconf 87' lang='lat' dir='ltr'><strong>antecedenti</strong></span> 
     </span>
     <span class='ocr_line' id='line_1_8' title="bbox 255 1257 1070 1336; baseline 0 -20"><span class='ocrx_word' id='word_1_47' title='bbox 255 1257 365 1326; x_wconf 89' lang='lat' dir='ltr'><strong>similis,</strong></span> <span class='ocrx_word' id='word_1_48' title='bbox 380 1259 435 1317; x_wconf 91' lang='lat' dir='ltr'><strong>uisi</strong></span> <span class='ocrx_word' id='word_1_49' title='bbox 449 1258 526 1336; x_wconf 90' lang='lat' dir='ltr'><strong>quod</strong></span> <span class='ocrx_word' id='word_1_50' title='bbox 539 1279 598 1318; x_wconf 90' lang='lat' dir='ltr'><strong>uuo</strong></span> <span class='ocrx_word' id='word_1_51' title='bbox 611 1259 706 1318; x_wconf 89' lang='lat' dir='ltr'><strong>adhuc</strong></span> <span class='ocrx_word' id='word_1_52' title='bbox 719 1261 881 1318; x_wconf 80' lang='lat' dir='ltr'><strong>choriambo</strong></span> <span class='ocrx_word' id='word_1_53' title='bbox 894 1261 1003 1319; x_wconf 89' lang='lat' dir='ltr'><strong>auctior</strong></span> <span class='ocrx_word' id='word_1_54' title='bbox 1016 1271 1070 1320; x_wconf 88' lang='lat' dir='ltr'><strong>est.</strong></span> 
     </span>
    </p>
   </div>
   <div class='ocr_carea' id='block_1_3' title="bbox 226 1349 968 1440">
    <p class='ocr_par' dir='ltr' id='par_1_3' title="bbox 226 1349 968 1440">
     <span class='ocr_line' id='line_1_9' title="bbox 226 1349 968 1440; baseline 0.001 -66"><span class='ocrx_word' id='word_1_55' title='bbox 226 1349 839 1440; x_wconf 59' lang='lat' dir='ltr'><strong>⁸¹¹·UV-n-UU-&#39;l-UU-</strong></span> <span class='ocrx_word' id='word_1_56' title='bbox 873 1353 877 1435; x_wconf 89' lang='grc' dir='ltr'>Ι</span> <span class='ocrx_word' id='word_1_57' title='bbox 915 1353 968 1376; x_wconf 63' lang='lat'><strong>⁹8</strong></span> 
     </span>
    </p>
   </div>
   <div class='ocr_carea' id='block_1_4' title="bbox 219 1453 1257 1797">
    <p class='ocr_par' dir='ltr' id='par_1_4' title="bbox 219 1453 1257 1797">
     <span class='ocr_line' id='line_1_10' title="bbox 220 1453 1257 1534; baseline 0 -24"><span class='ocrx_word' id='word_1_58' title='bbox 220 1453 292 1519; x_wconf 81' lang='lat' dir='ltr'><strong>Quis</strong></span> <span class='ocrx_word' id='word_1_59' title='bbox 303 1461 367 1532; x_wconf 84' lang='lat' dir='ltr'><strong>post</strong></span> <span class='ocrx_word' id='word_1_60' title='bbox 382 1453 450 1511; x_wconf 80' lang='lat' dir='ltr'><strong>siaa</strong></span> <span class='ocrx_word' id='word_1_61' title='bbox 462 1475 583 1533; x_wconf 84' lang='lat' dir='ltr'><strong>gravem</strong></span> <span class='ocrx_word' id='word_1_62' title='bbox 597 1455 728 1514; x_wconf 81' lang='lat' dir='ltr'><strong>militiam</strong></span> <span class='ocrx_word' id='word_1_63' title='bbox 743 1464 794 1514; x_wconf 83' lang='lat' dir='ltr'><strong>cut</strong></span> <span class='ocrx_word' id='word_1_64' title='bbox 807 1455 973 1534; x_wconf 78' lang='lat' dir='ltr'><strong>pauperiem</strong></span> <span class='ocrx_word' id='word_1_65' title='bbox 986 1463 1096 1534; x_wconf 83' lang='lat' dir='ltr'><strong>crepat.</strong></span> <span class='ocrx_word' id='word_1_66' title='bbox 1131 1456 1152 1524; x_wconf 86' lang='lat' dir='ltr'><strong>i,</strong></span> <span class='ocrx_word' id='word_1_67' title='bbox 1167 1455 1215 1524; x_wconf 88' lang='grc'><strong>18,</strong></span> <span class='ocrx_word' id='word_1_68' title='bbox 1227 1455 1257 1514; x_wconf 79' lang='lat'><strong>5.</strong></span> 
     </span>
     <span class='ocr_line' id='line_1_11' title="bbox 258 1548 1166 1628; baseline 0.001 -22"><span class='ocrx_word' id='word_1_69' title='bbox 258 1548 354 1606; x_wconf 88' lang='lat' dir='ltr'><strong>Semel</strong></span> <span class='ocrx_word' id='word_1_70' title='bbox 368 1559 484 1606; x_wconf 89' lang='lat' dir='ltr'><strong>tautum</strong></span> <span class='ocrx_word' id='word_1_71' title='bbox 498 1569 606 1608; x_wconf 72' lang='lat' dir='ltr'><strong>cesara</strong></span> <span class='ocrx_word' id='word_1_72' title='bbox 619 1560 683 1628; x_wconf 90' lang='lat' dir='ltr'><strong>post</strong></span> <span class='ocrx_word' id='word_1_73' title='bbox 696 1550 855 1609; x_wconf 89' lang='lat' dir='ltr'><strong>secundum</strong></span> <span class='ocrx_word' id='word_1_74' title='bbox 869 1551 1064 1610; x_wconf 78' lang='lat' dir='ltr'><strong>choriambum</strong></span> <span class='ocrx_word' id='word_1_75' title='bbox 1077 1551 1166 1610; x_wconf 82' lang='lat' dir='ltr'><strong>abest.</strong></span> 
     </span>
     <span class='ocr_line' id='line_1_12' title="bbox 219 1643 1074 1723; baseline 0 -23"><span class='ocrx_word' id='word_1_76' title='bbox 219 1643 468 1722; x_wconf 78' lang='lat' dir='ltr'><strong>Arcaaiqsefides</strong></span> <span class='ocrx_word' id='word_1_77' title='bbox 477 1645 602 1723; x_wconf 81' lang='lat' dir='ltr'><strong>prodiga</strong></span> <span class='ocrx_word' id='word_1_78' title='bbox 612 1644 791 1722; x_wconf 82' lang='lat' dir='ltr'><strong>perlucidior</strong></span> <span class='ocrx_word' id='word_1_79' title='bbox 805 1644 887 1704; x_wconf 79' lang='lat' dir='ltr'><strong>vitm.</strong></span> <span class='ocrx_word' id='word_1_80' title='bbox 927 1646 948 1714; x_wconf 89' lang='lat' dir='ltr'><strong>i,</strong></span> <span class='ocrx_word' id='word_1_81' title='bbox 964 1643 1011 1714; x_wconf 83' lang='lat'><strong>18,</strong></span> <span class='ocrx_word' id='word_1_82' title='bbox 1027 1643 1074 1702; x_wconf 89' lang='grc'><strong>16.</strong></span> 
     </span>
     <span class='ocr_line' id='line_1_13' title="bbox 257 1738 502 1797; baseline -0.008 -1"><span class='ocrx_word' id='word_1_83' title='bbox 257 1738 311 1797; x_wconf 87' lang='lat' dir='ltr'><strong>Est</strong></span> <span class='ocrx_word' id='word_1_84' title='bbox 324 1739 354 1796; x_wconf 95' lang='lat' dir='ltr'><strong>iu</strong></span> <span class='ocrx_word' id='word_1_85' title='bbox 368 1747 462 1797; x_wconf 89' lang='lat' dir='ltr'><strong>metro</strong></span> <span class='ocrx_word' id='word_1_86' title='bbox 474 1759 502 1796; x_wconf 81' lang='lat' dir='ltr'><strong>r.</strong></span> 
     </span>
    </p>
   </div>
   <div class='ocr_carea' id='block_1_5' title="bbox 183 1832 1328 2012">
    <p class='ocr_par' dir='ltr' id='par_1_5' title="bbox 183 1832 1328 2012">
     <span class='ocr_line' id='line_1_14' title="bbox 183 1832 1328 1912; baseline 0.003 -22"><span class='ocrx_word' id='word_1_87' title='bbox 183 1833 227 1892; x_wconf 88' lang='grc'><strong>10.</strong></span> <span class='ocrx_word' id='word_1_88' title='bbox 247 1833 357 1893; x_wconf 83' lang='lat' dir='ltr'><strong>Versus</strong></span> <span class='ocrx_word' id='word_1_89' title='bbox 374 1832 613 1912; x_wconf 85' lang='lat' dir='ltr'><strong>Aristoplmuicus</strong></span> <span class='ocrx_word' id='word_1_90' title='bbox 634 1857 658 1894; x_wconf 89' lang='lat' dir='ltr'><strong>s.</strong></span> <span class='ocrx_word' id='word_1_91' title='bbox 672 1834 879 1894; x_wconf 89' lang='lat' dir='ltr'><strong>choriambicus</strong></span> <span class='ocrx_word' id='word_1_92' title='bbox 900 1833 1023 1894; x_wconf 89' lang='lat' dir='ltr'><strong>dimeter</strong></span> <span class='ocrx_word' id='word_1_93' title='bbox 1037 1833 1194 1894; x_wconf 73' lang='lat' dir='ltr'><strong>catalecton</strong></span> <span class='ocrx_word' id='word_1_94' title='bbox 1214 1834 1246 1892; x_wconf 89' lang='lat' dir='ltr'><strong>iu</strong></span> <span class='ocrx_word' id='word_1_95' title='bbox 1267 1855 1328 1893; x_wconf 87' lang='lat' dir='ltr'><strong>am·</strong></span> 
     </span>
     <span class='ocr_line' id='line_1_15' title="bbox 255 1928 876 2012; baseline 0.008 -26"><span class='ocrx_word' id='word_1_96' title='bbox 255 1929 433 2007; x_wconf 77' lang='lat' dir='ltr'><strong>phibracbyu</strong></span> <span class='ocrx_word' id='word_1_97' title='bbox 446 1929 474 2009; x_wconf 66' lang='lat' dir='ltr'><strong>(&#39;l</strong></span> <span class='ocrx_word' id='word_1_98' title='bbox 484 1936 499 1946; x_wconf 87' lang='lat'>&#39;</span> <span class='ocrx_word' id='word_1_99' title='bbox 509 1929 536 2010; x_wconf 73' lang='lat'><strong>⁹)</strong></span> <span class='ocrx_word' id='word_1_100' title='bbox 550 1941 601 1988; x_wconf 91' lang='lat' dir='ltr'><strong>aut</strong></span> <span class='ocrx_word' id='word_1_101' title='bbox 614 1931 763 1990; x_wconf 77' lang='lat' dir='ltr'><strong>bacchium</strong></span> <span class='ocrx_word' id='word_1_102' title='bbox 778 1928 804 2012; x_wconf 74' lang='lat'><strong>(⁹</strong></span> <span class='ocrx_word' id='word_1_103' title='bbox 814 1936 828 1946; x_wconf 85' lang='lat'>&#39;</span> <span class='ocrx_word' id='word_1_104' title='bbox 840 1932 876 2011; x_wconf 87' lang='grc'><strong>).</strong></span> 
     </span>
    </p>
   </div>
   <div class='ocr_carea' id='block_1_6' title="bbox 146 2124 1334 3062">
    <p class='ocr_par' dir='ltr' id='par_1_6' title="bbox 146 2124 1334 3062">
     <span class='ocr_line' id='line_1_16' title="bbox 416 2124 882 2204; baseline -0.002 -21"><span class='ocrx_word' id='word_1_105' title='bbox 416 2124 735 2204; x_wconf 78' lang='lat' dir='ltr'><strong>Curncqaemilitaris.</strong></span> <span class='ocrx_word' id='word_1_106' title='bbox 776 2127 796 2194; x_wconf 92' lang='lat' dir='ltr'><strong>i,</strong></span> <span class='ocrx_word' id='word_1_107' title='bbox 810 2125 840 2195; x_wconf 91' lang='grc'><strong>8,</strong></span> <span class='ocrx_word' id='word_1_108' title='bbox 854 2125 882 2184; x_wconf 87' lang='grc'><strong>5.</strong></span> 
     </span>
     <span class='ocr_line' id='line_1_17' title="bbox 146 2219 525 2301; baseline 0.008 -24"><span class='ocrx_word' id='word_1_109' title='bbox 146 2295 149 2301; x_wconf 21' lang='grc' dir='ltr'><em>ι</em></span> <span class='ocrx_word' id='word_1_110' title='bbox 259 2219 312 2278; x_wconf 89' lang='lat' dir='ltr'><strong>Est</strong></span> <span class='ocrx_word' id='word_1_111' title='bbox 326 2221 357 2279; x_wconf 94' lang='lat' dir='ltr'><strong>in</strong></span> <span class='ocrx_word' id='word_1_112' title='bbox 370 2231 463 2280; x_wconf 88' lang='lat' dir='ltr'><strong>metro</strong></span> <span class='ocrx_word' id='word_1_113' title='bbox 475 2223 525 2280; x_wconf 86' lang='lat' dir='ltr'><strong>vii.</strong></span> 
     </span>
     <span class='ocr_line' id='line_1_18' title="bbox 184 2313 1331 2394; baseline 0.003 -24"><span class='ocrx_word' id='word_1_114' title='bbox 184 2313 228 2371; x_wconf 94' lang='lat' dir='ltr'><strong>ll.</strong></span> <span class='ocrx_word' id='word_1_115' title='bbox 257 2314 367 2374; x_wconf 89' lang='lat' dir='ltr'><strong>Versus</strong></span> <span class='ocrx_word' id='word_1_116' title='bbox 395 2315 555 2394; x_wconf 78' lang='lat' dir='ltr'><strong>sapphicus</strong></span> <span class='ocrx_word' id='word_1_117' title='bbox 582 2315 683 2384; x_wconf 88' lang='lat' dir='ltr'><strong>minor,</strong></span> <span class='ocrx_word' id='word_1_118' title='bbox 707 2335 730 2374; x_wconf 88' lang='lat' dir='ltr'><strong>s.</strong></span> <span class='ocrx_word' id='word_1_119' title='bbox 754 2314 1024 2393; x_wconf 86' lang='lat' dir='ltr'><strong>epichoriamhicum</strong></span> <span class='ocrx_word' id='word_1_120' title='bbox 1048 2313 1331 2392; x_wconf 72' lang='lat' dir='ltr'><strong>hendecasyllabum,</strong></span> 
     </span>
     <span class='ocr_line' id='line_1_19' title="bbox 258 2409 1072 2488; baseline -0.002 -20"><span class='ocrx_word' id='word_1_121' title='bbox 258 2419 392 2468; x_wconf 85' lang='lat' dir='ltr'><strong>constans</strong></span> <span class='ocrx_word' id='word_1_122' title='bbox 403 2429 440 2469; x_wconf 86' lang='lat' dir='ltr'><strong>ex</strong></span> <span class='ocrx_word' id='word_1_123' title='bbox 454 2409 571 2488; x_wconf 81' lang='lat' dir='ltr'><strong>dipodia</strong></span> <span class='ocrx_word' id='word_1_124' title='bbox 583 2410 724 2468; x_wconf 86' lang='lat' dir='ltr'><strong>trochaica</strong></span> <span class='ocrx_word' id='word_1_125' title='bbox 737 2420 768 2469; x_wconf 90' lang='lat' dir='ltr'><strong>et</strong></span> <span class='ocrx_word' id='word_1_126' title='bbox 781 2429 866 2468; x_wconf 87' lang='lat' dir='ltr'><strong>versu</strong></span> <span class='ocrx_word' id='word_1_127' title='bbox 880 2409 1072 2469; x_wconf 83' lang='lat' dir='ltr'><strong>antecedenti.</strong></span> 
     </span>
     <span class='ocr_line' id='line_1_20' title="bbox 380 2605 1101 2682; baseline 0 -19"><span class='ocrx_word' id='word_1_128' title='bbox 380 2605 470 2664; x_wconf 77' lang='lat' dir='ltr'><strong>Ludit</strong></span> <span class='ocrx_word' id='word_1_129' title='bbox 484 2605 604 2664; x_wconf 83' lang='lat' dir='ltr'><strong>herbosa</strong></span> <span class='ocrx_word' id='word_1_130' title='bbox 616 2625 704 2681; x_wconf 80' lang='lat' dir='ltr'><strong>pecus</strong></span> <span class='ocrx_word' id='word_1_131' title='bbox 713 2625 792 2663; x_wconf 79' lang='lat' dir='ltr'><strong>omae</strong></span> <span class='ocrx_word' id='word_1_132' title='bbox 805 2624 912 2682; x_wconf 85' lang='lat' dir='ltr'><strong>campo.</strong></span> <span class='ocrx_word' id='word_1_133' title='bbox 952 2606 995 2674; x_wconf 91' lang='lat' dir='ltr'><strong>iii,</strong></span> <span class='ocrx_word' id='word_1_134' title='bbox 1010 2605 1059 2676; x_wconf 89' lang='grc'><strong>18,</strong></span> <span class='ocrx_word' id='word_1_135' title='bbox 1072 2607 1101 2665; x_wconf 84' lang='grc'><strong>9.</strong></span> 
     </span>
     <span class='ocr_line' id='line_1_21' title="bbox 260 2699 1022 2778; baseline -0.001 -20"><span class='ocrx_word' id='word_1_136' title='bbox 260 2702 341 2778; x_wconf 81' lang='lat' dir='ltr'><strong>Saepe</strong></span> <span class='ocrx_word' id='word_1_137' title='bbox 355 2721 461 2760; x_wconf 79' lang='lat' dir='ltr'><strong>cmsura</strong></span> <span class='ocrx_word' id='word_1_138' title='bbox 473 2711 518 2760; x_wconf 89' lang='lat' dir='ltr'><strong>est</strong></span> <span class='ocrx_word' id='word_1_139' title='bbox 531 2711 596 2778; x_wconf 90' lang='lat' dir='ltr'><strong>post</strong></span> <span class='ocrx_word' id='word_1_140' title='bbox 609 2699 750 2778; x_wconf 87' lang='lat' dir='ltr'><strong>syllabam</strong></span> <span class='ocrx_word' id='word_1_141' title='bbox 763 2701 878 2760; x_wconf 87' lang='lat' dir='ltr'><strong>brevem</strong></span> <span class='ocrx_word' id='word_1_142' title='bbox 892 2710 1022 2759; x_wconf 83' lang='lat' dir='ltr'><strong>sextam:</strong></span> 
     </span>
     <span class='ocr_line' id='line_1_22' title="bbox 224 2793 967 2874; baseline -0.001 -22"><span class='ocrx_word' id='word_1_143' title='bbox 224 2795 351 2854; x_wconf 76' lang='lat' dir='ltr'><strong>Daunia·</strong></span> <span class='ocrx_word' id='word_1_144' title='bbox 364 2795 483 2873; x_wconf 65' lang='lat' dir='ltr'><strong>defende</strong></span> <span class='ocrx_word' id='word_1_145' title='bbox 499 2793 513 2874; x_wconf 84' lang='grc' dir='ltr'><strong>ΙΙ</strong></span> <span class='ocrx_word' id='word_1_146' title='bbox 530 2796 616 2853; x_wconf 69' lang='lat' dir='ltr'><strong>decan</strong></span> <span class='ocrx_word' id='word_1_147' title='bbox 632 2793 782 2853; x_wconf 83' lang='lat' dir='ltr'><strong>Csmoenoe.</strong></span> <span class='ocrx_word' id='word_1_148' title='bbox 822 2796 861 2863; x_wconf 84' lang='lat' dir='ltr'><strong>ir,</strong></span> <span class='ocrx_word' id='word_1_149' title='bbox 876 2794 905 2862; x_wconf 87' lang='grc'><strong>8,</strong></span> <span class='ocrx_word' id='word_1_150' title='bbox 918 2793 967 2863; x_wconf 88' lang='grc'><strong>87.</strong></span> 
     </span>
     <span class='ocr_line' id='line_1_23' title="bbox 261 2887 1333 2969; baseline -0.001 -20"><span class='ocrx_word' id='word_1_151' title='bbox 261 2891 418 2969; x_wconf 73' lang='lat' dir='ltr'><strong>presertim</strong></span> <span class='ocrx_word' id='word_1_152' title='bbox 438 2891 469 2948; x_wconf 88' lang='lat' dir='ltr'><strong>in</strong></span> <span class='ocrx_word' id='word_1_153' title='bbox 488 2891 527 2958; x_wconf 87' lang='lat' dir='ltr'><strong>iv,</strong></span> <span class='ocrx_word' id='word_1_154' title='bbox 541 2889 561 2947; x_wconf 97' lang='grc'><strong>8</strong></span> <span class='ocrx_word' id='word_1_155' title='bbox 575 2900 606 2949; x_wconf 87' lang='lat' dir='ltr'><strong>et</strong></span> <span class='ocrx_word' id='word_1_156' title='bbox 619 2888 648 2958; x_wconf 88' lang='grc'><strong>6,</strong></span> <span class='ocrx_word' id='word_1_157' title='bbox 663 2902 693 2948; x_wconf 88' lang='lat' dir='ltr'><strong>et</strong></span> <span class='ocrx_word' id='word_1_158' title='bbox 709 2890 739 2948; x_wconf 88' lang='lat' dir='ltr'><strong>in</strong></span> <span class='ocrx_word' id='word_1_159' title='bbox 754 2888 849 2948; x_wconf 87' lang='lat' dir='ltr'><strong>Carm.</strong></span> <span class='ocrx_word' id='word_1_160' title='bbox 864 2889 936 2948; x_wconf 77' lang='lat' dir='ltr'><strong>Sec.</strong></span> <span class='ocrx_word' id='word_1_161' title='bbox 976 2887 1072 2949; x_wconf 86' lang='lat' dir='ltr'><strong>Semel</strong></span> <span class='ocrx_word' id='word_1_162' title='bbox 1089 2901 1195 2948; x_wconf 88' lang='lat' dir='ltr'><strong>neutro</strong></span> <span class='ocrx_word' id='word_1_163' title='bbox 1212 2890 1244 2948; x_wconf 92' lang='lat' dir='ltr'><strong>in</strong></span> <span class='ocrx_word' id='word_1_164' title='bbox 1260 2887 1333 2958; x_wconf 86' lang='lat' dir='ltr'><strong>loco,</strong></span> 
     </span>
     <span class='ocr_line' id='line_1_24' title="bbox 260 2983 1334 3062; baseline -0.001 -20"><span class='ocrx_word' id='word_1_165' title='bbox 260 2985 280 3054; x_wconf 90' lang='lat' dir='ltr'><strong>i,</strong></span> <span class='ocrx_word' id='word_1_166' title='bbox 297 2984 326 3053; x_wconf 94' lang='grc'><strong>8,</strong></span> <span class='ocrx_word' id='word_1_167' title='bbox 339 2983 387 3041; x_wconf 85' lang='grc'><strong>34.</strong></span> <span class='ocrx_word' id='word_1_168' title='bbox 428 2985 522 3044; x_wconf 82' lang='lat' dir='ltr'><strong>Grreci</strong></span> <span class='ocrx_word' id='word_1_169' title='bbox 543 2984 661 3062; x_wconf 89' lang='lat' dir='ltr'><strong>quidem</strong></span> <span class='ocrx_word' id='word_1_170' title='bbox 682 2995 808 3044; x_wconf 89' lang='lat' dir='ltr'><strong>utuntur</strong></span> <span class='ocrx_word' id='word_1_171' title='bbox 828 2985 860 3042; x_wconf 89' lang='lat' dir='ltr'><strong>ia</strong></span> <span class='ocrx_word' id='word_1_172' title='bbox 881 2984 999 3044; x_wconf 88' lang='lat' dir='ltr'><strong>exordio</strong></span> <span class='ocrx_word' id='word_1_173' title='bbox 1016 3005 1117 3044; x_wconf 78' lang='lat' dir='ltr'><strong>versus</strong></span> <span class='ocrx_word' id='word_1_174' title='bbox 1135 2996 1196 3044; x_wconf 90' lang='lat' dir='ltr'><strong>tam</strong></span> <span class='ocrx_word' id='word_1_175' title='bbox 1218 2983 1334 3062; x_wconf 88' lang='lat' dir='ltr'><strong>dipodia</strong></span> 
     </span>
    </p>
   </div>
   <div class='ocr_carea' id='block_1_7' title="bbox 261 3171 1336 3526">
    <p class='ocr_par' dir='ltr' id='par_1_7' title="bbox 261 3171 1336 3526">
     <span class='ocr_line' id='line_1_25' title="bbox 261 3171 1335 3252; baseline 0.002 -22"><span class='ocrx_word' id='word_1_176' title='bbox 261 3173 335 3231; x_wconf 87' lang='lat' dir='ltr'><strong>ratio</strong></span> <span class='ocrx_word' id='word_1_177' title='bbox 359 3171 478 3249; x_wconf 79' lang='lat' dir='ltr'><strong>placuit.</strong></span> <span class='ocrx_word' id='word_1_178' title='bbox 520 3171 609 3232; x_wconf 91' lang='lat' dir='ltr'><strong>Porro</strong></span> <span class='ocrx_word' id='word_1_179' title='bbox 635 3193 773 3232; x_wconf 67' lang='lat' dir='ltr'><strong>amaram</strong></span> <span class='ocrx_word' id='word_1_180' title='bbox 795 3174 939 3243; x_wconf 87' lang='lat' dir='ltr'><strong>observat,</strong></span> <span class='ocrx_word' id='word_1_181' title='bbox 962 3195 1051 3252; x_wconf 87' lang='lat' dir='ltr'><strong>quam</strong></span> <span class='ocrx_word' id='word_1_182' title='bbox 1075 3174 1171 3234; x_wconf 79' lang='lat' dir='ltr'><strong>Graeci</strong></span> <span class='ocrx_word' id='word_1_183' title='bbox 1193 3175 1335 3252; x_wconf 79' lang='lat' dir='ltr'><strong>ignorant.</strong></span> 
     </span>
     <span class='ocr_line' id='line_1_26' title="bbox 263 3266 1335 3347; baseline 0.002 -23"><span class='ocrx_word' id='word_1_184' title='bbox 263 3266 413 3325; x_wconf 85' lang='lat' dir='ltr'><strong>Interdum</strong></span> <span class='ocrx_word' id='word_1_185' title='bbox 426 3287 526 3326; x_wconf 77' lang='lat' dir='ltr'><strong>rerum</strong></span> <span class='ocrx_word' id='word_1_186' title='bbox 537 3267 722 3346; x_wconf 79' lang='lat' dir='ltr'><strong>hypermeter</strong></span> <span class='ocrx_word' id='word_1_187' title='bbox 735 3279 790 3337; x_wconf 91' lang='lat' dir='ltr'><strong>est,</strong></span> <span class='ocrx_word' id='word_1_188' title='bbox 804 3269 823 3326; x_wconf 88' lang='lat' dir='ltr'><strong>i.</strong></span> <span class='ocrx_word' id='word_1_189' title='bbox 835 3288 860 3328; x_wconf 91' lang='lat' dir='ltr'><strong>e.</strong></span> <span class='ocrx_word' id='word_1_190' title='bbox 875 3268 981 3328; x_wconf 87' lang='lat' dir='ltr'><strong>ultima</strong></span> <span class='ocrx_word' id='word_1_191' title='bbox 992 3271 1056 3346; x_wconf 89' lang='lat' dir='ltr'><strong>ejus</strong></span> <span class='ocrx_word' id='word_1_192' title='bbox 1068 3268 1178 3346; x_wconf 81' lang='lat' dir='ltr'><strong>syllaba</strong></span> <span class='ocrx_word' id='word_1_193' title='bbox 1190 3267 1335 3347; x_wconf 85' lang='lat' dir='ltr'><strong>superflua</strong></span> 
     </span>
     <span class='ocr_line' id='line_1_27' title="bbox 262 3359 1336 3442; baseline 0.001 -23"><span class='ocrx_word' id='word_1_194' title='bbox 262 3359 381 3420; x_wconf 89' lang='lat' dir='ltr'><strong>eliditur</strong></span> <span class='ocrx_word' id='word_1_195' title='bbox 394 3361 483 3419; x_wconf 78' lang='lat' dir='ltr'><strong>vocali</strong></span> <span class='ocrx_word' id='word_1_196' title='bbox 502 3381 588 3440; x_wconf 89' lang='lat' dir='ltr'><strong>aqua</strong></span> <span class='ocrx_word' id='word_1_197' title='bbox 600 3361 778 3440; x_wconf 87' lang='lat' dir='ltr'><strong>subsequens</strong></span> <span class='ocrx_word' id='word_1_198' title='bbox 791 3363 894 3442; x_wconf 87' lang='lat' dir='ltr'><strong>incipit</strong></span> <span class='ocrx_word' id='word_1_199' title='bbox 908 3381 1018 3432; x_wconf 83' lang='lat' dir='ltr'><strong>versus,</strong></span> <span class='ocrx_word' id='word_1_200' title='bbox 1032 3362 1063 3433; x_wconf 89' lang='lat' dir='ltr'><strong>ii,</strong></span> <span class='ocrx_word' id='word_1_201' title='bbox 1077 3363 1107 3432; x_wconf 89' lang='grc'><strong>8,</strong></span> <span class='ocrx_word' id='word_1_202' title='bbox 1123 3362 1163 3422; x_wconf 94' lang='grc'><strong>18</strong></span> <span class='ocrx_word' id='word_1_203' title='bbox 1168 3385 1178 3434; x_wconf 84' lang='lat'>;</span> <span class='ocrx_word' id='word_1_204' title='bbox 1199 3363 1239 3432; x_wconf 85' lang='lat' dir='ltr'><strong>ir,</strong></span> <span class='ocrx_word' id='word_1_205' title='bbox 1252 3361 1282 3431; x_wconf 90' lang='grc'><strong>8,</strong></span> <span class='ocrx_word' id='word_1_206' title='bbox 1296 3363 1336 3421; x_wconf 85' lang='grc'><strong>88</strong></span> 
     </span>
     <span class='ocr_line' id='line_1_28' title="bbox 262 3453 630 3526; baseline 0 -12"><span class='ocrx_word' id='word_1_207' title='bbox 262 3465 293 3514; x_wconf 90' lang='lat' dir='ltr'><strong>et</strong></span> <span class='ocrx_word' id='word_1_208' title='bbox 305 3454 344 3514; x_wconf 86' lang='grc'><strong>83</strong></span> <span class='ocrx_word' id='word_1_209' title='bbox 352 3477 362 3526; x_wconf 79' lang='lat'>3</span> <span class='ocrx_word' id='word_1_210' title='bbox 384 3455 479 3514; x_wconf 85' lang='lat' dir='ltr'><strong>Carm.</strong></span> <span class='ocrx_word' id='word_1_211' title='bbox 495 3455 566 3516; x_wconf 71' lang='lat' dir='ltr'><strong>Sacc.</strong></span> <span class='ocrx_word' id='word_1_212' title='bbox 580 3453 630 3515; x_wconf 82' lang='lat'><strong>48.</strong></span> 
     </span>
    </p>
   </div>
   <div class='ocr_carea' id='block_1_8' title="bbox 192 3550 1337 3819">
    <p class='ocr_par' dir='ltr' id='par_1_8' title="bbox 192 3550 1337 3819">
     <span class='ocr_line' id='line_1_29' title="bbox 192 3550 1337 3725; baseline 0 -21"><span class='ocrx_word' id='word_1_213' title='bbox 192 3645 235 3704; x_wconf 87' lang='grc'><strong>18.</strong></span> <span class='ocrx_word' id='word_1_214' title='bbox 256 3550 367 3705; x_wconf 49' lang='lat' dir='ltr'><strong>desidi</strong></span> <span class='ocrx_word' id='word_1_215' title='bbox 376 3561 552 3725; x_wconf 59' lang='lat' dir='ltr'><strong>nhhtribhllcus</strong></span> <span class='ocrx_word' id='word_1_216' title='bbox 573 3647 672 3725; x_wconf 89' lang='lat' dir='ltr'><strong>major.</strong></span> <span class='ocrx_word' id='word_1_217' title='bbox 712 3645 817 3706; x_wconf 87' lang='lat' dir='ltr'><strong>Oritur</strong></span> <span class='ocrx_word' id='word_1_218' title='bbox 836 3667 872 3705; x_wconf 88' lang='lat' dir='ltr'><strong>ex</strong></span> <span class='ocrx_word' id='word_1_219' title='bbox 893 3665 979 3706; x_wconf 84' lang='lat' dir='ltr'><strong>versu</strong></span> <span class='ocrx_word' id='word_1_220' title='bbox 1000 3646 1144 3724; x_wconf 82' lang='lat' dir='ltr'><strong>Sapphico</strong></span> <span class='ocrx_word' id='word_1_221' title='bbox 1163 3644 1337 3724; x_wconf 76' lang='lat' dir='ltr'><strong>precedenti</strong></span> 
     </span>
     <span class='ocr_line' id='line_1_30' title="bbox 264 3738 1336 3819; baseline -0.003 -18"><span class='ocrx_word' id='word_1_222' title='bbox 264 3740 364 3801; x_wconf 89' lang='lat' dir='ltr'><strong>eodem</strong></span> <span class='ocrx_word' id='word_1_223' title='bbox 384 3741 468 3800; x_wconf 90' lang='lat' dir='ltr'><strong>modo</strong></span> <span class='ocrx_word' id='word_1_224' title='bbox 488 3751 522 3800; x_wconf 91' lang='lat' dir='ltr'><strong>ut</strong></span> <span class='ocrx_word' id='word_1_225' title='bbox 536 3740 745 3819; x_wconf 80' lang='lat' dir='ltr'><strong>Asclepiadeos</strong></span> <span class='ocrx_word' id='word_1_226' title='bbox 765 3741 854 3818; x_wconf 85' lang='lat' dir='ltr'><strong>major</strong></span> <span class='ocrx_word' id='word_1_227' title='bbox 870 3738 965 3813; x_wconf 87' lang='lat' dir='ltr'><strong>(num.</strong></span> <span class='ocrx_word' id='word_1_228' title='bbox 979 3741 1014 3817; x_wconf 84' lang='grc'><strong>9)</strong></span> <span class='ocrx_word' id='word_1_229' title='bbox 1027 3759 1065 3798; x_wconf 88' lang='lat' dir='ltr'><strong>ex</strong></span> <span class='ocrx_word' id='word_1_230' title='bbox 1078 3739 1269 3818; x_wconf 79' lang='lat' dir='ltr'><strong>Asclepiadeo</strong></span> <span class='ocrx_word' id='word_1_231' title='bbox 1282 3742 1336 3798; x_wconf 90' lang='lat' dir='ltr'><strong>mi-</strong></span> 
     </span>
    </p>
   </div>
   <div class='ocr_carea' id='block_1_9' title="bbox 265 3834 1132 3912">
    <p class='ocr_par' dir='ltr' id='par_1_9' title="bbox 265 3834 1132 3912">
     <span class='ocr_line' id='line_1_31' title="bbox 265 3834 1132 3912; baseline 0.002 -20"><span class='ocrx_word' id='word_1_232' title='bbox 265 3837 326 3895; x_wconf 92' lang='lat' dir='ltr'><strong>nori</strong></span> <span class='ocrx_word' id='word_1_233' title='bbox 342 3835 437 3909; x_wconf 89' lang='lat' dir='ltr'><strong>(num.</strong></span> <span class='ocrx_word' id='word_1_234' title='bbox 450 3836 496 3912; x_wconf 88' lang='lat'><strong>8),</strong></span> <span class='ocrx_word' id='word_1_235' title='bbox 510 3838 617 3896; x_wconf 87' lang='lat' dir='ltr'><strong>inserto</strong></span> <span class='ocrx_word' id='word_1_236' title='bbox 630 3835 766 3894; x_wconf 88' lang='lat' dir='ltr'><strong>nimirum</strong></span> <span class='ocrx_word' id='word_1_237' title='bbox 780 3855 838 3894; x_wconf 86' lang='lat' dir='ltr'><strong>uno</strong></span> <span class='ocrx_word' id='word_1_238' title='bbox 851 3834 947 3894; x_wconf 87' lang='lat' dir='ltr'><strong>adhuc</strong></span> <span class='ocrx_word' id='word_1_239' title='bbox 959 3834 1132 3894; x_wconf 87' lang='lat' dir='ltr'><strong>choriambo.</strong></span> 
     </span>
    </p>
   </div>
   <div class='ocr_carea' id='block_1_10' title="bbox 314 3926 997 4016">
    <p class='ocr_par' dir='ltr' id='par_1_10' title="bbox 314 3926 997 4016">
     <span class='ocr_line' id='line_1_32' title="bbox 314 3926 997 4016; baseline 0.003 -66"><span class='ocrx_word' id='word_1_240' title='bbox 314 3929 412 3950; x_wconf 68' lang='lat' dir='ltr'><strong>-vu-</strong></span> <span class='ocrx_word' id='word_1_241' title='bbox 459 3926 997 4016; x_wconf 49' lang='lat' dir='ltr'><strong>¹⁵¹¹VV0u-UU-&#39;228</strong></span> 
     </span>
    </p>
   </div>
   <div class='ocr_carea' id='block_1_11' title="bbox 268 4013 1339 4451">
    <p class='ocr_par' dir='ltr' id='par_1_11' title="bbox 306 4013 1129 4094">
     <span class='ocr_line' id='line_1_33' title="bbox 306 4013 1129 4094; baseline 0 -22"><span class='ocrx_word' id='word_1_242' title='bbox 306 4015 390 4092; x_wconf 75' lang='lat' dir='ltr'><strong>Sceps</strong></span> <span class='ocrx_word' id='word_1_243' title='bbox 402 4013 694 4094; x_wconf 77' lang='lat' dir='ltr'><strong>transfincmjacslc</strong></span> <span class='ocrx_word' id='word_1_244' title='bbox 707 4013 809 4074; x_wconf 74' lang='lat' dir='ltr'><strong>nobilia</strong></span> <span class='ocrx_word' id='word_1_245' title='bbox 822 4015 960 4092; x_wconf 71' lang='lat' dir='ltr'><strong>expedito.</strong></span> <span class='ocrx_word' id='word_1_246' title='bbox 1001 4015 1023 4083; x_wconf 89' lang='lat' dir='ltr'><strong>i,</strong></span> <span class='ocrx_word' id='word_1_247' title='bbox 1036 4013 1066 4083; x_wconf 90' lang='grc'><strong>8,</strong></span> <span class='ocrx_word' id='word_1_248' title='bbox 1082 4013 1129 4072; x_wconf 86' lang='grc'><strong>18.</strong></span> 
     </span>
    </p>

    <p class='ocr_par' dir='ltr' id='par_1_12' title="bbox 268 4108 1339 4451">
     <span class='ocr_line' id='line_1_34' title="bbox 268 4108 1339 4178; baseline 0 -10"><span class='ocrx_word' id='word_1_249' title='bbox 268 4108 300 4168; x_wconf 85' lang='lat' dir='ltr'><strong>Si</strong></span> <span class='ocrx_word' id='word_1_250' title='bbox 313 4120 392 4168; x_wconf 89' lang='lat' dir='ltr'><strong>recte</strong></span> <span class='ocrx_word' id='word_1_251' title='bbox 405 4130 423 4169; x_wconf 86' lang='lat' dir='ltr'><strong>a</strong></span> <span class='ocrx_word' id='word_1_252' title='bbox 436 4108 482 4167; x_wconf 89' lang='lat' dir='ltr'><strong>Cl.</strong></span> <span class='ocrx_word' id='word_1_253' title='bbox 499 4109 669 4168; x_wconf 87' lang='lat' dir='ltr'><strong>Hermanno</strong></span> <span class='ocrx_word' id='word_1_254' title='bbox 681 4109 728 4168; x_wconf 89' lang='lat' dir='ltr'><strong>hic</strong></span> <span class='ocrx_word' id='word_1_255' title='bbox 741 4129 840 4168; x_wconf 87' lang='lat' dir='ltr'><strong>versus</strong></span> <span class='ocrx_word' id='word_1_256' title='bbox 854 4111 932 4170; x_wconf 86' lang='lat' dir='ltr'><strong>inter</strong></span> <span class='ocrx_word' id='word_1_257' title='bbox 944 4109 1147 4169; x_wconf 88' lang='lat' dir='ltr'><strong>choriambicos</strong></span> <span class='ocrx_word' id='word_1_258' title='bbox 1159 4119 1339 4178; x_wconf 87' lang='lat' dir='ltr'><strong>numeratur,</strong></span> 
     </span>
     <span class='ocr_line' id='line_1_35' title="bbox 268 4203 1339 4283; baseline 0.001 -22"><span class='ocrx_word' id='word_1_259' title='bbox 268 4223 347 4280; x_wconf 75' lang='lat' dir='ltr'><strong>equo</strong></span> <span class='ocrx_word' id='word_1_260' title='bbox 364 4205 432 4282; x_wconf 86' lang='lat' dir='ltr'><strong>jure</strong></span> <span class='ocrx_word' id='word_1_261' title='bbox 455 4203 617 4283; x_wconf 83' lang='lat' dir='ltr'><strong>Sapphicus</strong></span> <span class='ocrx_word' id='word_1_262' title='bbox 633 4203 798 4282; x_wconf 75' lang='lat' dir='ltr'><strong>precedens</strong></span> <span class='ocrx_word' id='word_1_263' title='bbox 818 4204 913 4264; x_wconf 88' lang='lat' dir='ltr'><strong>locum</strong></span> <span class='ocrx_word' id='word_1_264' title='bbox 934 4203 1090 4264; x_wconf 85' lang='lat' dir='ltr'><strong>interillos</strong></span> <span class='ocrx_word' id='word_1_265' title='bbox 1110 4203 1239 4263; x_wconf 84' lang='lat' dir='ltr'><strong>obtinere</strong></span> <span class='ocrx_word' id='word_1_266' title='bbox 1257 4223 1339 4282; x_wconf 84' lang='lat' dir='ltr'><strong>posse</strong></span> 
     </span>
     <span class='ocr_line' id='line_1_36' title="bbox 268 4297 535 4451; baseline -0.004 -2"><span class='ocrx_word' id='word_1_267' title='bbox 268 4297 475 4451; x_wconf 58' lang='lat' dir='ltr'><strong>theilirinetro</strong></span> <span class='ocrx_word' id='word_1_268' title='bbox 486 4392 535 4449; x_wconf 83' lang='lat' dir='ltr'><strong>vii.</strong></span> 
     </span>
    </p>
   </div>
   <div class='ocr_carea' id='block_1_12' title="bbox 196 4547 1068 4753">
    <p class='ocr_par' dir='ltr' id='par_1_13' title="bbox 196 4547 1068 4753">
     <span class='ocr_line' id='line_1_37' title="bbox 607 4547 926 4628; baseline 0.003 -23"><span class='ocrx_word' id='word_1_269' title='bbox 607 4547 634 4605; x_wconf 93' lang='lat' dir='ltr'><strong>d.</strong></span> <span class='ocrx_word' id='word_1_270' title='bbox 661 4547 767 4606; x_wconf 82' lang='lat' dir='ltr'><strong>Versus</strong></span> <span class='ocrx_word' id='word_1_271' title='bbox 780 4548 926 4628; x_wconf 77' lang='lat' dir='ltr'><strong>dactylici.</strong></span> 
     </span>
     <span class='ocr_line' id='line_1_38' title="bbox 196 4673 1068 4753; baseline 0.001 -21"><span class='ocrx_word' id='word_1_272' title='bbox 196 4675 238 4733; x_wconf 92' lang='grc'><strong>13.</strong></span> <span class='ocrx_word' id='word_1_273' title='bbox 259 4675 370 4736; x_wconf 86' lang='lat' dir='ltr'><strong>Versus</strong></span> <span class='ocrx_word' id='word_1_274' title='bbox 384 4673 544 4744; x_wconf 86' lang='lat' dir='ltr'><strong>Adouicus,</strong></span> <span class='ocrx_word' id='word_1_275' title='bbox 559 4697 581 4734; x_wconf 86' lang='lat' dir='ltr'><strong>s.</strong></span> <span class='ocrx_word' id='word_1_276' title='bbox 596 4674 753 4753; x_wconf 77' lang='lat' dir='ltr'><strong>dactylicus</strong></span> <span class='ocrx_word' id='word_1_277' title='bbox 767 4675 888 4736; x_wconf 87' lang='lat' dir='ltr'><strong>dimeter</strong></span> <span class='ocrx_word' id='word_1_278' title='bbox 901 4675 1068 4736; x_wconf 84' lang='lat' dir='ltr'><strong>catalectus.</strong></span> 
     </span>
    </p>
   </div>
   <div class='ocr_carea' id='block_1_13' title="bbox 0 0 1853 5892">
    <p class='ocr_par' dir='ltr' id='par_1_14' title="bbox 0 0 1853 5892">
     <span class='ocr_line' id='line_1_39' title="bbox 0 0 1853 5892; baseline 0 0"><span class='ocrx_word' id='word_1_279' title='bbox 0 0 1853 5892; x_wconf 95' lang='lat' dir='ltr'><strong> </strong></span> 
     </span>
    </p>
   </div>
  </div>
 </body>
</html>
