3659 5892
660 570 825 636 LIBER
847 570 893 648 ll,
922 572 949 635 l.

315 725 473 809 Indignor
486 724 666 808 quidquam
679 722 887 808 reprehendi,
904 744 969 787 non
985 722 1063 807 quia
1076 738 1185 787 crasse

316 826 541 911 compositum
555 824 727 911 illepideve
741 836 886 911 putetur,
903 826 961 889 sed
977 826 1054 909 quia
1068 846 1173 909 nuper
1187 851 1194 903 3

316 928 390 994 Nec
404 930 532 994 veniam
547 929 699 1012 antiquis,
716 928 775 993 sed
790 927 947 993 bonorem
962 938 996 992 et
1010 928 1144 1011 praemia
1158 926 1259 1012 posci.

315 1030 433 1110 Recte,
448 1054 562 1110 necne,
578 1054 709 1097 crocum
723 1031 886 1115 floresque
901 1029 1106 1115 perambulet
1116 1028 1208 1095 Attae

251 1134 295 1197 80
316 1132 452 1211 Fabula,
470 1135 497 1199 si
512 1134 670 1211 dubitem,
685 1133 824 1199 clament
838 1134 975 1218 periisse
990 1133 1149 1218 pudorem

316 1236 435 1301 Cuncti
450 1260 544 1323 paene
558 1247 681 1322 patres,
697 1260 737 1301 ea
751 1258 851 1320 quum
865 1234 1106 1321 reprehendere
1121 1256 1231 1315 coner,

318 1339 403 1412 Quae
418 1341 527 1425 gravis
541 1338 702 1425 AEsopus,
718 1362 793 1423 quae
808 1339 925 1403 doctus
941 1337 1083 1403 Roscius
1098 1338 1183 1423 egit:

316 1442 392 1520 Vel,
407 1443 484 1526 quia
498 1442 543 1505 nil
556 1451 692 1519 rectum,
708 1442 771 1507 nisi
785 1441 876 1525 quod
890 1440 1014 1525 placuit
1029 1441 1102 1519 sibi,
1118 1442 1262 1520 ducunt3

316 1544 392 1621 Vel,
408 1546 484 1631 quia
500 1556 596 1629 turpe
610 1555 728 1630 putant
743 1566 860 1629 parere
872 1544 1065 1621 minoribus,
1081 1555 1114 1609 et
1129 1566 1203 1631 quae

252 1648 294 1711 85
316 1648 461 1714 lmberbi
475 1648 632 1724 didicere,
649 1668 744 1712 senes
760 1646 931 1731 perdenda
944 1644 1050 1711 lateii.

315 1750 391 1815 dam
407 1750 531 1816 Saliare
546 1748 668 1815 Numae
681 1770 811 1814 carmen
826 1748 883 1833 qui
896 1746 1020 1825 laudat,
1037 1758 1071 1813 et
1085 1747 1177 1828 illud,

316 1853 418 1927 Quod
429 1876 555 1919 mecum
569 1853 710 1937 ignorat,
726 1849 814 1915 solus
829 1850 899 1915 vult
914 1850 997 1915 scire
1012 1848 1133 1931 videri3

316 1955 461 2038 Ingeniis
476 1978 542 2020 non
556 1954 610 2021 ille
625 1953 712 2019 favet
727 1952 919 2038 plauditque
935 1950 1083 2037 sepultis,

316 2056 442 2122 Nostra
458 2058 517 2123 sed
530 2058 711 2142 impugnat,
727 2078 787 2121 nos
802 2064 980 2139 nostraque
994 2055 1113 2120 lividus
1128 2056 1208 2122 odit.

251 2160 295 2223 uo
317 2160 418 2233 Quod
435 2160 462 2224 si
477 2168 544 2223 tam
560 2160 672 2223 Graiis
687 2160 813 2224 novitas
827 2158 932 2222 invisa
946 2157 1073 2237 fuisset,

316 2262 426 2335 Quam
440 2263 546 2339 nobis,
562 2262 643 2346 quid
658 2283 743 2325 nunc
758 2270 846 2325 esset
861 2263 977 2325 vetus?
1000 2270 1056 2324 aut
1071 2260 1152 2344 quid
1166 2260 1314 2339 haberet,

231 2446 384 2513 ligurionum
404 2448 563 2513 (orationem)
611 2450 692 2498 celere
710 2448 791 2495 uendi·
823 2444 963 2497 familiarem
985 2464 1056 2497 suum
1078 2446 1162 2497 laudat
1179 2448 1266 2509 (Offie.
1287 2448 1304 2505 i,
1329 2452 1386 2511 31),

230 2514 295 2570 disti,
314 2513 338 2560 b.
358 2529 381 2562 e.
402 2523 429 2563 ut
449 2515 510 2563 bene
531 2530 579 2579 exp
588 2513 637 2563 icat
657 2512 791 2568 Ernestiue,
823 2510 912 2577 passim
930 2512 1075 2561 mentionem
1092 2512 1165 2561 iecit:
1184 2512 1232 2563 vid.
1248 2515 1343 2564 Emcat.
1362 2517 1387 2565 in

232 2584 249 2605 ⁸‘
261 2576 391 2635 laudando,
412 2588 440 2628 ut
458 2580 576 2643 legeretur
594 2579 625 2626 ab
644 2576 791 2633 bominibus,
823 2575 894 2625 Clas.
904 2576 959 2626 Cic.
970 2576 1036 2625 Hist.
1048 2593 1069 2627 a.
1078 2594 1102 2625 v.
1114 2578 1216 2639 AEsopus.
1247 2580 1287 2627 De
1300 2580 1387 2649 AEsopi

232 2640 334 2691 tecisuf’
822 2640 881 2697 filio,
894 2640 990 2691 bomine
1001 2641 1118 2706 flagitioso
1132 2648 1157 2689 et
1168 2641 1274 2707 prodigo,
1287 2644 1321 2695 ci.
1332 2660 1387 2711 sup.

264 2706 370 2755 76-7a.
393 2704 516 2771 Indignor,
536 2715 594 2757 cett.
613 2706 711 2771 indigne
732 2705 791 2761 iero,
824 2706 916 2754 adSat.
928 2705 954 2763 ii,
967 2706 992 2763 3,
1002 2706 1042 2755 39.
1071 2708 1179 2755 Roscius:
1195 2706 1249 2755 loca
1260 2706 1285 2757 in
1297 2710 1387 2773 quibus

231 2770 295 2882 quod
313 2770 421 2820 carmina
440 2788 488 2819 non
505 2771 568 2832 ideo,
586 2772 650 2837 quod
669 2786 749 2821 crasse
767 2779 793 2820 et
824 2770 911 2820 Cicero
932 2772 966 2829 Q.
987 2770 1115 2847 Roscium,
1136 2786 1206 2845 quem
1227 2771 1252 2819 in
1272 2775 1387 2838 peculiari

231 2852 239 2883 ι
250 2834 337 2899 lepide,
349 2836 391 2885 sed
401 2835 458 2901 quia
470 2836 598 2887 recentiora
610 2845 680 2885 etate
694 2850 790 2901 compo-
823 2834 930 2885 oratione
938 2844 1021 2885 contra
1029 2835 1218 2885 criminationem
1228 2834 1334 2902 aliquam
1344 2838 1387 2889 de·

231 2898 349 2957 sitasunt,
357 2900 576 2967 reprehenduntu13
588 2910 612 2951 et
620 2901 678 2965 quia
685 2900 791 2965 antiquis
824 2898 909 2957 iendit,
925 2908 951 2948 ut
968 2914 1086 2949 summam
1104 2899 1138 2949 rei
1154 2900 1257 2951 scenica
1273 2902 1386 2953 artificem

230 2964 315 3029 poetis,
334 2964 405 3030 quasi
423 2964 461 3015 illi
480 2965 541 3015 nihil
560 2966 657 3015 omnino
676 2981 791 3031 peccave·
825 2965 875 3013 eive
890 2964 1028 3015 histrionem
1042 2964 1238 3040 perfectissimum
1253 2966 1283 3015 ad
1296 2968 1386 3017 coelum

231 3028 286 3085 rint,
299 3046 347 3081 non
358 3030 438 3087 venia,
450 3030 493 3080 sed
509 3032 584 3081 bonor
593 3040 619 3079 et
629 3029 726 3097 premia
736 3046 791 3097 poe-
825 3045 903 3094 usque
913 3028 1015 3086 extollit,
1026 3030 1081 3079 nde
1092 3030 1157 3097 apud
1170 3030 1323 3081 Lambinum.
1350 3034 1386 3084 U·

232 3103 329 3143 cuntnr.
826 3109 883 3142 num
900 3102 994 3143 tantum
1012 3094 1109 3143 afferam
1127 3110 1157 3143 ex
1175 3096 1243 3146 Orat.
1253 3112 1296 3163 pro
1311 3097 1387 3147 Arcb.

263 3158 304 3208 76.
322 3160 412 3216 Crasse,
427 3168 454 3208 ut
471 3176 524 3225 sup.
536 3161 588 3209 Sat.
603 3158 629 3216 il,
645 3160 670 3216 ⁹2,
681 3160 706 3217 ³,
717 3175 794 3207 crum
826 3158 897 3208 Poet.
919 3175 943 3207 c.
964 3160 988 3215 8,
1018 3160 1076 3213 Qun
1103 3168 1206 3208 amntem
1234 3164 1311 3210 animo
1339 3172 1387 3212 tam

231 3222 348 3279 Minerva,
360 3232 385 3273 et
396 3223 454 3273 alibi
463 3228 549 3289 pingui
561 3226 678 3281 Minerua,
688 3224 712 3271 b.
721 3240 744 3273 e.
753 3223 791 3272 in·
823 3226 910 3287 agresti
922 3234 944 3271 et
955 3226 1014 3272 duro
1021 3222 1086 3288 juit,
1097 3234 1124 3273 nt
1136 3224 1212 3273 Roscii
1226 3236 1297 3275 morte
1312 3244 1387 3290 nuper

230 3286 361 3349 eleganter,
374 3288 478 3347 indocte,
490 3289 586 3339 inscite.
824 3306 869 3336 non
886 3292 1080 3337 commoneretur?
1114 3290 1162 3344 Qui
1178 3306 1230 3339 cum
1246 3302 1303 3340 ‘enee
1322 3307 1387 3343 ιιιιιι

263 3352 369 3403 79-85.
393 3353 471 3411 Recte,
491 3372 533 3403 nec
555 3372 591 3411 ne,
610 3362 667 3403 cett.
702 3352 727 3401 Si
748 3369 792 3416 ego
824 3362 1026 3408 mortuitatem
1044 3364 1137 3417 propter
1152 3356 1295 3405 excellentem
1313 3366 1387 3405 ortem

231 3415 347 3473 dubitem,
369 3428 449 3467 utrum
477 3428 540 3467 recte
565 3436 597 3468 an
623 3418 701 3465 minus
729 3430 794 3467 recte
825 3435 852 3465 ue
866 3428 1006 3466 venustatem
1017 3418 1103 3481 (quam
1120 3418 1260 3469 ostendebat
1270 3428 1320 3469 toto
1335 3436 1387 3470 cor·

231 3480 298 3529 Attae
316 3481 398 3530 fabula
413 3482 438 3530 in
457 3498 554 3531 scenam
570 3500 640 3532 croco
656 3492 679 3531 et
696 3482 794 3533 floribus
826 3482 889 3547 poris
900 3481 984 3530 habitu
1000 3491 1024 3531 et
1035 3482 1155 3545 gestibus)
1167 3486 1288 3533 videbatur
1297 3489 1388 3535 manino

232 3553 329 3595 simiam
347 3546 502 3612 producatur,
517 3548 630 3603 clament,
643 3556 700 3595 cett.
736 3548 792 3595 Cro·
825 3551 882 3595 mori
904 3565 950 3595 non
973 3550 1081 3595 debuisse.
1126 3547 1243 3597 Roscium
1266 3549 1387 3614 egregium

230 3612 794 3741 anturnacensium
826 3613 897 3741 tlt
906 3610 1386 3741 {litlss'tlizt'llttttti..tt

261 3694 406 3789 rambulcnll
407 3741 508 3808 pulpita,
520 3757 590 3791 croco
606 3715 723 3790 odbriiero
739 3714 793 3807 ρειῖ
844 3740 969 3790 rouarbiali
991 3739 1038 3789 iere
1061 3694 1229 3791 locutionaqa'n
1247 3759 1287 3792 ruo
1304 3715 1387 3811 generi

241 3820 285 3852 usa
300 3814 324 3855 et
338 3805 435 3855 floribus
452 3821 586 3871 conspersa.
621 3805 752 3856 Commode
768 3806 794 3855 in
826 3756 923 3853 itesam
940 3805 1078 3855 dicebatur:
1097 3806 1151 3855 Cic.
1166 3806 1196 3856 dc
1214 3808 1314 3865 Orati,
1332 3824 1386 3876 cap.

230 3867 295 3917 banc
306 3886 355 3918 rem
366 3870 497 3919 Lambinus
509 3870 589 3919 attulit
597 3871 678 3919 locum
688 3870 794 3920 Lucretii
825 3872 875 3931 aa;
904 3870 961 3919 binc
984 3872 1014 3919 ab
1037 3870 1138 3920 Horatio
1162 3871 1187 3920 b.
1208 3870 1223 3922 l.
1244 3876 1323 3923 doctus
1344 3890 1386 3923 vo·

230 3932 258 3990 il,
270 3934 327 3990 416,
340 3935 373 3983 Et
387 3954 439 3984 cum
454 3952 520 3983 scena
534 3954 598 3984 croco
615 3937 685 3983 Cilici
698 3936 794 3999 perfusa
827 3945 904 3984 catur.

231 4014 307 4047 reeens
318 4008 361 4055 est·
379 3999 452 4049 Ouid.
464 4002 518 4049 Art.
530 4001 588 4049 Am.
600 4000 618 4058 i,
630 4017 653 4048 ιι.
668 4001 723 4054 104.
735 4000 793 4047 Tam
857 4002 899 4055 at,
923 4002 963 4049 85.
994 4000 1043 4057 Vel,
1068 4004 1133 4065 quio,
1156 4008 1214 4051 cett.
1255 4002 1303 4051 Vel
1329 4002 1387 4067 qnia

231 4080 276 4109 non
293 4081 415 4112 marmoreo
431 4066 558 4125 pendebant
573 4067 622 4114 uela
633 4067 731 4123 theatro,
744 4064 793 4113 Nec
824 4074 894 4129 turpe
902 4073 996 4129 putant,
1004 4064 1025 4113 si
1036 4080 1104 4115 senes
1115 4065 1145 4114 ad
1154 4066 1279 4131 juniorum
1291 4076 1385 4116 senten-

224 4126 329 4191 fuernnt
344 4129 431 4192 liquido
445 4130 538 4190 pulpito
552 4132 625 4178 ιιιὸιιι
639 4146 711 4178 croco.
744 4130 791 4177 Fa·
825 4128 882 4178 tiam
900 4144 951 4179 sesa
967 4130 1154 4189 accommodent,
1167 4140 1192 4180 et
1205 4146 1234 4180 ea
1250 4146 1305 4195 quse
1320 4132 1387 4197 pueri

231 4190 302 4239 bulas
321 4207 381 4257 quae
401 4192 496 4259 scripsit
513 4202 583 4258 poeta
603 4196 705 4243 Latinus
723 4195 791 4250 Atta,
824 4194 882 4243 olirn
904 4210 920 4243 a
942 4194 1106 4257 ludimagistro
1124 4209 1153 4243 ex
1175 4196 1240 4245 Atre
1262 4196 1387 4246 comoediia

230 4258 682 4387 lfflloeilliirlililiilw‘lm
700 4260 791 4315 tum,
824 4258 927 4373 litt.
941 4258 1385 4375 llttltdtltittttttl

264 4386 305 4435 01.
325 4386 414 4442 Patres,
426 4387 543 4437 seniores:
560 4390 665 4449 patribus
676 4388 716 4438 vel
732 4392 792 4438 seni-
825 4398 929 4439 icantur.

230 4452 281 4507 dm,
301 4450 327 4499 in
343 4468 367 4501 v.
385 4454 426 4509 85,
443 4461 596 4517 opponuntur
612 4452 637 4501 in
655 4470 679 4501 v.
696 4455 728 4503 at
744 4472 792 4503 ιιιιι-
858 4454 964 4503 tto-aa.
992 4452 1046 4501 lom
1067 4454 1157 4503 Saliare
1179 4454 1260 4502 Numa
1285 4470 1385 4513 cannen,

226 4516 301 4577 jom-
826 4526 882 4568 cett.
893 4517 1001 4567 carmina
1011 4535 1065 4583 que
1079 4520 1161 4566 Numa
1172 4518 1306 4583 Pompilius
1318 4520 1385 4567 Mar·

264 4581 303 4629 82
321 4582 427 4645 AEeopni,
437 4580 525 4631 nobilis
534 4580 705 4645 tragoediarum
716 4591 790 4641 actor,
824 4584 856 4631 tis
866 4582 1008 4637 sacerdotes.
1021 4584 1094 4631 Sotion
1106 4586 1135 4643 (a
1149 4582 1264 4645 saliendo)
1276 4598 1332 4631 cum
1343 4582 1385 4633 tri·

231 4654 330 4694 uocatur
349 4649 430 4710 granis
456 4648 487 4695 ob
508 4647 616 4711 gravium
639 4663 791 4711 personarum
824 4647 904 4714 pudiis
925 4647 1074 4723 solemnique
1095 4646 1224 4695 saltatione
1244 4662 1285 4722 per
1302 4648 1385 4695 urbem

232 4718 310 4772 panes
326 4710 351 4759 in
366 4711 491 4775 tragoediis
507 4711 570 4759 susci
587 4711 669 4759 iendas
684 4713 792 4761 etsusti·
824 4721 911 4763 cuntes
930 4727 1014 4761 canere
1031 4712 1132 4776 jubebat
1146 4711 1209 4775 (vid.
1225 4711 1384 4771 L1v.i,20)‚

233 4772 332 4825 nendas.
365 4776 451 4826 Cicero
466 4776 541 4841 hujus
562 4812 572 4825 .
596 4775 656 4842 sopi,
675 4793 745 4842 quem
765 4788 793 4826 ut
824 4786 874 4827 tam
891 4774 1007 4835 obscuris,
1022 4774 1159 4835 reconditis,
1171 4784 1195 4826 et
1206 4774 1325 4845 perplexis
1338 4776 1385 4827 ior·
