3659 5892
519 554 748 623 CARMEN
773 556 1089 625 SAECULARE.
1320 559 1387 623 289

445 710 521 791 Dis,
537 712 657 798 quibus
674 721 799 797 septem
813 710 966 797 placuere
980 711 1091 792 colles,

705 814 827 880 Dicere
841 837 981 881 carmen.

444 916 539 983 Alme
556 918 623 996 Sol,
641 939 740 983 curru
754 918 858 982 nitido
874 918 961 983 diem
975 920 1032 1003 qui

382 1020 423 1083 10
444 1018 571 1084 Promis
586 1030 620 1085 et
635 1018 732 1098 celas,
749 1020 896 1105 aliusque
910 1030 945 1086 et
959 1022 1047 1087 idern

440 1121 614 1201 Nasceris3
638 1123 745 1207 possis
761 1120 841 1187 nihil
856 1124 939 1187 urbe
954 1121 1062 1188 Roma

699 1224 818 1289 Visere
832 1225 948 1309 majus.

439 1326 517 1393 Rite
532 1337 677 1391 maturos
692 1328 819 1411 aperire
833 1336 949 1411 partus

440 1428 541 1495 Lenis
556 1428 698 1513 Ilithyia,
713 1439 805 1493 tuere
819 1438 957 1494 matres:

378 1532 417 1595 15
439 1531 515 1597 Sive
530 1540 566 1596 tu
582 1530 710 1597 Lucina
724 1532 845 1616 probas
860 1532 981 1610 vocari,

697 1632 764 1698 Seu
780 1632 954 1699 Genitalis.

439 1736 538 1813 Diva,
554 1735 718 1821 producas
734 1734 892 1813 subolem,
908 1734 1109 1822 Patrumque

436 1836 617 1923 Prosperes
632 1838 765 1903 decreta
781 1860 880 1923 super
890 1838 1048 1923 jugandis

435 1940 588 2018 Feminis,
603 1940 770 2025 prolisque
785 1962 878 2005 novae
892 1939 993 2007 feraci

369 2044 414 2109 20
695 2041 787 2127 Lege
802 2044 935 2107 marita:

250 2241 277 2275 rs
304 2226 384 2276 florere
412 2226 501 2277 duent.
545 2227 641 2287 Quibus
666 2226 777 2293 precibus
808 2232 842 2283 et,
861 2234 889 2276 ut
906 2228 961 2303 ejus
977 2240 1036 2277 cura
1053 2240 1113 2291 gens
1129 2226 1243 2275 Romana
1258 2226 1371 2293 legitimis

218 2240 291 2339 lilim
302 2291 370 2340 addit
379 2291 466 2343 chorus
479 2292 610 2358 epilogum,
622 2306 670 2357 quo
680 2291 711 2340 de
724 2306 775 2340 cer·
809 2292 937 2341 connubiis
962 2300 1114 2359 propagetur,
1139 2292 1257 2341 obsecrat.
1300 2293 1371 2343 Lenis

215 2356 309 2405 tissime
321 2372 420 2431 precum
436 2373 533 2406 suarum
548 2364 634 2407 eventu
653 2356 776 2405 Romarm
808 2358 898 2418 aperire
913 2368 1014 2406 maturos
1029 2366 1121 2418 partus,
1137 2356 1223 2406 Grsece
1240 2372 1291 2423 pro,
1307 2357 1369 2408 lenis

217 2434 310 2485 sperare
317 2420 396 2487 Jubet.
808 2418 834 2467 in
852 2420 996 2534 aperiendis,
1016 2420 1042 2469 b.
1060 2436 1084 2469 e.
1105 2420 1251 2487 proferendis
1269 2424 1370 2472 maturis

251 2486 323 2533 1-8.
338 2486 455 2535 Silvarum
468 2496 561 2550 potens:
577 2501 631 2551 sup.
645 2482 681 2541 iii,
696 2484 737 2543 22,
752 2485 774 2541 l,
860 2502 868 2532 ι
886 2502 923 2544 us,
934 2496 970 2543 tu,
981 2501 1036 2551 qne
1054 2484 1137 2535 dextra
1152 2494 1178 2535 et
1194 2486 1299 2561 benigna
1311 2486 1369 2536 ades

216 2552 328 2599 montium
345 2561 418 2599 custos
433 2568 600 2614 nemorumque,
615 2548 658 2599 ubi
675 2548 708 2598 cl.
726 2556 776 2599 not.
861 2550 1006 2607 urientibus,
1017 2566 1038 2599 s.
1048 2560 1114 2599 utero
1126 2551 1168 2614 (nt
1178 2564 1206 2598 su
1224 2550 1276 2607 .i1i,
1289 2552 1330 2609 22,
1342 2555 1367 2609 2,

215 2614 286 2671 Date,
305 2632 354 2679 pua
369 2632 493 2677 metamur
510 2626 607 2679 tempore
628 2630 700 2671 sacro,
720 2621 777 2662 cett.
826 2628 839 2661 e
863 2614 945 2664 Diana
964 2614 1066 2677 dicitur)
1090 2616 1204 2664 laboranti
1257 2634 1264 2662 τ
1291 2620 1367 2679 aperit

212 2678 324 2729 exaudite
349 2694 439 2745 preces,
467 2694 528 2745 quas
557 2678 681 2728 fundimus
710 2676 774 2727 ludis
807 2676 889 2728 Diana
902 2690 995 2743 metas,
1012 2680 1069 2727 dum
1083 2679 1366 2745 partumedentibusob·

212 2742 377 2799 sacularibus,
388 2743 431 2793 ubi
441 2744 572 2793 meandum
584 2758 664 2793 vemas
676 2742 774 2808 Sibylli·
806 2743 910 2793 scenicis
928 2759 973 2793 sna
994 2759 1066 2809 opera
1083 2742 1215 2803 succurrit;
1238 2746 1283 2793 n'te
1301 2762 1367 2797 more

213 2822 257 2855 nos
271 2824 400 2882 puerorum
416 2808 549 2873 puellarum
567 2825 598 2857 ue
614 2808 700 2857 chorus
717 2806 774 2857 deos
806 2822 860 2856 suo.
892 2808 944 2857 Sive
960 2812 1050 2870 probas,
1072 2806 1122 2857 sire
1140 2808 1226 2857 mavis.
1258 2808 1366 2859 Larino.-

212 2882 291 2933 genus
304 2873 422 2921 Romanae
432 2873 545 2923 tutelares
551 2826 644 2938 lymbo
655 2872 775 2921 celebrare
808 2872 901 2921 Catuli.
921 2873 1001 2929 arxis,
1021 2874 1060 2931 13,
1079 2872 1115 2921 'l'u
1132 2872 1224 2921 Lucina
1238 2876 1367 2925 dolentibus

213 2934 293 2986 debet.
326 2939 437 3003 Sibyllini
448 2954 537 2987 suren:
554 2953 635 2987 versus
645 2936 681 2986 illi
694 2936 773 3000 Sibyl·
805 2936 869 2986 Iuno
884 2940 948 2985 diem
963 2939 1089 3001 pauperis,
1102 2936 1145 2985 ubi
1162 2936 1194 2987 cl.
1204 2948 1254 2987 not.
1270 2946 1295 2988 et
1311 2956 1366 3005 sup.

213 2998 516 3051 liniadlutlossaeculares
531 3010 665 3068 spectantes
679 3009 776 3051 exeunt
806 3000 837 3049 ad
856 3000 891 3059 iii,
914 3004 956 3058 22,
977 3004 1004 3051 2.
1043 3002 1169 3060 Genitalis,
1193 3002 1286 3060 eadem,
1309 3021 1365 3067 qun

211 3064 300 3123 adhuc,
320 3079 345 3117 et
367 3066 430 3132 apud
453 3066 573 3116 Zosimum
595 3066 621 3124 ii,
643 3068 659 3115 6
681 3064 774 3115 inveni-
807 3065 907 3123 Lucina,
929 3068 1017 3117 Graeco
1042 3082 1098 3115 nem
1154 3066 1245 3115 nomini
1266 3068 1366 3133 ltitiyia

211 3138 301 3190 untur;
317 3130 489 3182 emendatiores
502 3147 543 3181 eos
554 3131 579 3179 in
591 3139 732 3195 argumento
743 3128 775 3179 ad
806 3130 934 3195 opponitur
945 3132 1072 3181 Latinum:
1113 3133 1183 3180 urina
1197 3147 1218 3180 s.
1231 3132 1364 3191 Genitalis,-

212 3193 257 3243 boc
289 3210 386 3245 carmen
414 3196 523 3245 exhibuit
555 3194 772 3245 Mitscherlichius.
805 3195 1017 3261 noveautemjsm
1030 3196 1224 3261 Gessitolinans
1240 3196 1365 3260 gignentm

213 3258 321 3324 Virgines
329 3262 406 3317 lectas,
413 3260 531 3311 debebant
539 3260 603 3310 euim
612 3270 661 3309 tana
669 3259 772 3372 virpnes
804 3274 823 3307 s
837 3275 963 3326 puerperas
972 3276 1018 3327 ops
1028 3276 1072 3309 sus
1084 3260 1158 3317 levat,
1169 3260 1285 3325 geniture
1299 3262 1365 3313 iavet

210 3324 361 3390 quampuesi
374 3340 426 3376 esse
441 3324 534 3392 patrimi
550 3334 575 3374 et
588 3324 699 3381 matrimi,
729 3339 771 3373 .e.
803 3331 861 3373 etse
870 3324 997 3389 propitiam
1007 3326 1105 3391 prebet.
1130 3326 1245 3375 Producat
1253 3327 1364 3376 mistero.-

212 3402 314 3451 quorum
324 3398 402 3456 patras
412 3398 438 3439 et
447 3398 534 3439 matres
545 3390 623 3439 adhuc
635 3388 771 3455 superstites
803 3387 881 3453 magis
898 3390 1009 3452 designat
1019 3398 1044 3439 et
1053 3388 1159 3454 explicat
1176 3389 1286 3447 Lucinae,
1297 3394 1363 3439 arabo-

209 3460 290 3502 essem
296 3472 304 3514 3
321 3470 401 3504 eorum
418 3462 498 3503 summ
516 3470 636 3511 numerus,
654 3453 696 3519 qui
710 3469 770 3529 quo·
803 3454 846 3500 iem
865 3456 1021 3515 producentis,
1043 3454 1073 3501 h.
1089 3468 1113 3502 e.
1130 3453 1156 3501 in
1174 3453 1255 3503 lucem
1273 3463 1363 3519 protra-

209 3532 258 3627 pue
278 3518 304 3567 ia
325 3519 433 3569 versibus
453 3518 578 3585 Sibyllinis
600 3517 770 3583 prescribitur,
803 3515 1001 3574 tennemonn.
1036 3518 1178 3581 Patremque
1191 3518 1226 3565 Pr
1289 3523 1363 3567 esde-

220 3580 258 3629 uit
276 3589 312 3632 ter
328 3599 445 3640 novenus,
464 3583 499 3632 ita
516 3592 543 3632 ut
563 3600 640 3633 xxvrr
660 3583 727 3649 pueri
747 3590 771 3632 et
802 3592 866 3630 areta
882 3598 952 3644 super
961 3584 1093 3646 jugandis:
1109 3580 1234 3648 respicitur
1254 3597 1283 3631 er
1294 3584 1364 3633 Julis

208 3644 306 3695 totidem
334 3648 420 3714 puelle
446 3656 535 3699 cuent.
578 3650 666 3711 Septem
695 3650 769 3704 ealles⁸
804 3644 833 3695 de
850 3648 989 3695 maritandis
1003 3648 1216 3711 ordinibus‚qusm
1227 3647 1363 3710 Augustus,

209 3708 300 3761 Roma.
802 3725 856 3758 cum
870 3711 893 3761 ei
912 3710 1015 3759 lerendse
1024 3710 1076 3775 jana
1088 3712 1122 3760 U.
1132 3711 1163 3759 C.
1175 3728 1290 3760 nccsrvr
1302 3712 1363 3760 lrus·

240 3777 332 3826 9—12.
350 3776 430 3825 Gelas:
450 3775 485 3827 sol
498 3776 561 3826 diem
578 3778 637 3825 celat
651 3784 675 3826 et
689 3774 771 3825 condit
802 3774 968 3825 tradedisseto
999 3774 1363 3841 ram,bocipsoanno‚quoludi

211 3840 308 3904 quando
324 3840 426 3891 occidit:
443 3843 546 3905 aliusque
556 3852 579 3889 et
589 3843 649 3889 Mem
660 3844 769 3897 nasceris,
802 3840 930 3889 saeculares
940 3854 968 3888 oe
978 3841 1132 3897 sbrabantur‚
1145 3850 1241 3888 senatus
1258 3841 1363 3890 consulti

208 3912 233 3953 et
248 3920 326 3955 novus
343 3921 404 3955 novo
421 3906 505 3963 diest
520 3904 769 3969 idem(h.e.eodem,
803 3904 945 3954 auctoritato
1002 3904 1069 3952 ulum
1080 3911 1362 3970 accepturumessespe·

208 3984 257 4081 pao
273 3970 333 4028 beri,
349 3970 438 4033 nitore)
455 3968 538 4019 oriris:
555 3972 623 4033 possis
639 3971 700 4018 nihil
714 3972 770 4020 urbs
802 3977 903 4025 caveat,
980 3984 1044 4017 sana
1061 3978 1113 4017 tum
1131 3984 1230 4033 quoque
1247 3968 1293 4017 luit
1310 3969 1363 4020 bec

233 4052 283 4083 ema
298 4036 372 4085 Visere
383 4040 466 4099 majus,
475 4034 566 4084 utinam
578 4034 628 4091 fiat,
637 4041 664 4083 ut
675 4034 700 4083 in
712 4036 767 4083 nul·
801 4034 907 4098 Augusti
914 4050 984 4100 spes;
995 4032 1086 4099 perlata
1092 4032 1155 4082 enirn
1164 4034 1208 4082 ills
1215 4034 1256 4083 lex
1265 4034 1362 4083 demum

207 4098 256 4146 lem
279 4101 371 4158 urbem,
395 4101 476 4149 Roma
501 4098 647 4165 ampliorem,
670 4114 683 4149 e
704 4101 768 4149 coelo
800 4107 837 4148 est
858 4114 873 4147 a
892 4099 931 4147 M.
954 4098 1031 4164 Papio
1051 4106 1077 4147 et
1098 4100 1131 4156 Q.
1150 4099 1187 4147 Po
1203 4114 1255 4164 pao
1276 4101 1310 4149 U.
1330 4101 1362 4151 C.

206 4163 334 4229 despicias,
347 4166 373 4214 b.
383 4181 407 4215 e.
419 4165 465 4221 iac,
478 4172 505 4213 ut
520 4162 586 4213 nulls
603 4164 659 4213 urbs
677 4163 702 4212 in
717 4172 767 4213 toto
802 4179 924 4211 occasu:
942 4162 1114 4229 vid.Lipsium
1129 4161 1160 4211 ad
1197 4163 1253 4211 scit.
1269 4163 1362 4214 Anasi.

208 4234 323 4277 terrarum
335 4232 391 4279 orbe
403 4230 484 4277 Roma
494 4228 526 4277 sit
535 4227 663 4295 potentior.
678 4228 769 4277 Similis
800 4227 835 4283 iii,
846 4230 887 4285 25,
901 4228 1003 4276 Excute.
1013 4244 1034 4284 e,
1047 4236 1073 4276 et
1089 4242 1151 4293 quos
1166 4227 1252 4277 laudat
1261 4228 1362 4280 Mitscb.

206 4292 275 4341 locus
285 4304 322 4343 est
332 4293 396 4360 apud
404 4294 473 4357 Virg.
487 4294 547 4342 AEn.
557 4293 598 4349 vii,
611 4294 668 4351 218,
680 4297 768 4357 regnis,
802 4292 931 4355 Prosperes,
954 4301 1006 4341 rats
1030 4307 1082 4341 esse
1106 4291 1203 4357 jubeas.
1242 4294 1363 4356 Proiisoue
1436 4341 1442 4351 ,

205 4376 254 4421 qua
271 4361 370 4407 nmaimn
384 4361 496 4423 quondm
509 4358 615 4407 Eutremo
629 4360 721 4407 maiens
731 4358 769 4407 Sol
801 4357 1118 4469 noucpirncibegsmarita.
1146 4356 1362 4413 lesmorita‚b.e.

206 4424 346 4484 suspiciebat
360 4424 466 4488 Olympo.
801 4420 839 4470 les
874 4437 887 4469 e
906 4423 1046 4470 maritandis
1063 4423 1183 4469 ordinibus
1201 4430 1293 4485 rogata,
1312 4422 1361 4470 ele-

242 4488 348 4538 13-32.
365 4488 420 4537 Rite
431 4498 542 4543 moturos,
552 4494 609 4535 cett.
619 4486 671 4551 jam
683 4486 770 4535 chorus
802 4494 885 4547 gauter
901 4484 1066 4551 diciturseras
1076 4503 1136 4533 naon
1150 4488 1230 4547 prolis,
1241 4484 1298 4550 qnia
1315 4484 1361 4536 bac

206 4548 323 4609 Dianam,
351 4560 379 4601 ut
405 4552 485 4609 deam,
512 4550 646 4601 obstetricis
672 4566 770 4602 munere
802 4550 855 4610 lege
875 4565 943 4598 novae
965 4548 1025 4616 proli
1051 4565 1092 4616 per
1113 4548 1220 4612 legitima
1240 4552 1363 4600 connubia

206 4616 269 4681 apud
298 4632 424 4683 puerperas
453 4616 601 4681 tungemem,
624 4624 648 4666 et
672 4616 769 4681 quidem
801 4613 962 4679 procreando,
982 4614 1057 4663 etsie
1076 4614 1142 4677 genti
1159 4614 1278 4663 Romans
1296 4624 1363 4664 casta

233 4680 308 4729 'mum
329 4681 415 4732 Graeco
438 4681 544 4738 nomine,
559 4681 666 4745 ilithyia,
683 4679 771 4730 deinde
802 4689 904 4728 matrum
923 4678 1070 4728 fecunditate
1091 4678 1206 4741 augenda
1228 4692 1361 4745 propagan-

226 4746 303 4803 atino,
327 4744 419 4797 Lucinir
443 4762 486 4797 sen
508 4746 633 4802 Genitalis,
653 4744 769 4812 appellat,
802 4743 888 4809 (leque
907 4743 1035 4809 pnrdentes
1052 4742 1246 4809 prospiciebatur.
1280 4743 1371 4812 Certus⁴

777 4826 793 4857 u
