3659 5892
484 486 549 555 409
897 483 1222 551 SATIRARUM

570 636 653 705 Ten'
668 638 795 724 lapides
809 638 918 703 varios
931 636 1093 703 lutulente
1105 639 1224 705 redere
1237 638 1357 724 panum

572 740 621 807 Et
633 740 753 827 Tyrius
766 741 846 807 dere
861 742 985 807 circum
998 740 1090 805 illoto
1103 741 1221 807 torulis
1233 752 1354 819 restes,

506 846 550 911 85
571 844 731 923 Oblitum,
747 853 870 928 quanto
886 865 998 910 curam
1012 852 1220 927 sumtumque
1232 844 1389 907 minorem

570 946 656 1013 Haec
670 947 825 1023 habeant,
841 956 935 1011 tanto
948 945 1105 1031 reprendi
1113 946 1238 1031 justius
1252 944 1328 1022 iilis,

572 1048 658 1123 Quae
673 1050 736 1115 nisi
750 1048 907 1113 divitibus
922 1058 1087 1132 nequeunt
1100 1048 1290 1131 contingere
1303 1046 1447 1111 mensis?

570 1150 681 1216 Docte
696 1150 783 1229 cati,
798 1172 858 1235 per
873 1150 1048 1215 amicitiam
1062 1149 1235 1233 Divosque
1249 1158 1395 1234 rogetus,

572 1252 705 1319 Ducere
719 1274 772 1317 me
786 1252 947 1329 nuditum,
962 1272 1082 1336 perges
1096 1272 1305 1337 quoeunque,
1318 1259 1493 1315 memento.

506 1354 550 1420 90
570 1355 659 1419 Nem
673 1354 819 1438 quemvis
833 1352 959 1419 reseres
972 1354 1107 1418 memori
1120 1352 1201 1417 milri
1214 1364 1349 1438 pectore
1363 1360 1494 1429 cuncte,

570 1456 651 1521 Non
668 1466 774 1521 tamen
789 1456 952 1540 interpres
967 1455 1160 1519 tantundem
1169 1456 1313 1541 juveris:
1336 1453 1424 1518 udde

571 1558 710 1625 Vultum
725 1557 939 1642 habitumque
953 1556 1111 1637 hominis3
1133 1580 1232 1641 quem
1245 1568 1283 1621 tu
1297 1556 1419 1621 vidisse
1433 1556 1549 1621 beatus

569 1659 650 1726 Non
664 1660 773 1745 magni
787 1660 916 1744 pendis,
932 1660 1010 1743 quis
1022 1659 1177 1743 contigit:
1200 1669 1235 1722 et
1249 1658 1330 1722 mihi
1343 1680 1424 1723 cure

569 1762 649 1828 Non
663 1764 835 1828 mediocris
850 1763 947 1839 inest,
962 1760 1071 1825 fontes
1084 1771 1123 1825 ut
1137 1760 1228 1825 adire
1240 1769 1382 1825 remotos

505 1864 549 1930 95
570 1863 683 1950 Atque
697 1864 829 1931 haurire
844 1885 963 1949 queem
976 1863 1052 1959 vitae
1066 1872 1234 1949 precepto
1246 1861 1364 1926 beetm

939 2167 1120 2235 SATIRA
1143 2168 1187 2235 V.

567 2374 646 2440 Hoc
660 2398 804 2462 quoque,
819 2374 961 2451 Tiresia,
976 2382 1099 2459 praeter
1111 2382 1255 2450 nemeto,
1271 2374 1399 2457 petenti

567 2476 766 2562 Responde:
790 2478 909 2561 quibus
925 2476 1061 2539 emisses
1076 2496 1233 2558 reperere
1248 2497 1367 2558 queem
1381 2498 1435 2540 res

568 2577 707 2643 Artibus
723 2588 820 2664 etque
835 2578 951 2643 modis.
998 2575 1089 2649 Quid
1105 2575 1216 2641 ridest
1259 2574 1377 2641 Jamne
1392 2577 1508 2644 doloso

482 2726 619 2794 periments
632 2726 710 2793 scopis
737 2729 889 2793 mgsbentur,
902 2726 1045 2779 relsordem
1109 2728 1155 2801 9¹1,
1174 2724 1225 2776 92.
1244 2727 1373 2791 interpres,
1402 2727 1446 2793 qui
1474 2726 1546 2777 rsiert
1572 2728 1634 2794 qued

481 2807 564 2841 mum
578 2790 687 2849 traheret,
699 2743 738 2841 vei
752 2792 807 2842 locs
824 2792 924 2843 ltumids
937 2792 1043 2842 exsicce-
1077 2790 1175 2840 tudtnt
1224 2792 1390 2855 Halumque,
1411 2808 1447 2841 se.
1469 2792 1583 2857 corporis,
1605 2792 1634 2843 ed

481 2863 526 2914 ret,
560 2857 599 2907 vel
630 2856 730 2905 lecunss
763 2856 894 2923 pavimenti
928 2857 1043 2924 expleret.
1076 2854 1216 2920 dignitstem
1230 2864 1256 2907 st
1269 2856 1410 2923 puritatem
1424 2865 1542 2923 precepta
1558 2856 1635 2907 denti

481 2920 600 3033 tiliam,
612 2935 686 2986 quem
696 2936 784 2987 pertus
797 2930 822 2971 st
837 2920 954 2978 modicus,
965 2936 1042 2986 qusn-
1075 2920 1210 2987 compositi.

521 2999 559 3032 ns.

514 3048 557 3097 83.
585 3046 763 3107 Ter-rasere,
792 3058 849 3100 cett.
877 3050 975 3115 elegans
1005 3050 1042 3097 lo·
1259 3048 1393 3099 stmtn
1410 3050 1447 3099 V.

481 3110 572 3185 qneudi
599 3111 667 3169 rstio,
689 3112 800 3162 Terentio
825 3112 945 3180 precipue
973 3112 1042 3162 ismi-
1107 3110 1222 3162 Horatius
1245 3114 1358 3179 Ulyssem
1379 3128 1436 3162 cum
1459 3113 1553 3165 Tiresis
1571 3130 1586 3163 s
1602 3114 1635 3164 ud

480 3174 561 3224 haris:
579 3172 712 3225 infinitivus
722 3175 811 3242 pendet
821 3179 852 3229 sb
865 3176 985 3243 ejusmodi
995 3177 1044 3227 lere
1075 3174 1163 3225 inferos
1186 3177 1372 3245 colloquentem,
1393 3185 1419 3227 et
1438 3192 1469 3227 es
1487 3193 1526 3237 eo,
1546 3195 1589 3244 qur

481 3239 559 3289 verbis
580 3240 697 3302 omissis,
725 3241 834 3301 decetne,
857 3240 955 3300 licetne,
975 3251 1043 3291 estne
1076 3239 1167 3289 srtibus
1188 3242 1294 3308 perditas
1315 3256 1373 3309 opes
1395 3256 1535 3307 recuperare
1552 3246 1634 3311 ponit,

480 3300 525 3363 las,
536 3303 659 3369 proberine
670 3314 757 3371 potest,
767 3316 834 3355 estne
848 3304 974 3363 credibile,
985 3315 1042 3357 cett.
1074 3314 1220 3369 querentem
1239 3304 1341 3356 inducit.
1372 3306 1485 3363 Tiresias,
1505 3306 1531 3355 id
1548 3308 1635 3375 optime

482 3366 514 3416 Te
524 3372 613 3425 rudere,
625 3384 681 3437 sup.
698 3369 715 3427 i,
734 3372 759 3427 9,
777 3371 818 3425 72,
835 3370 959 3419 Hunccine
975 3373 1042 3419 solers
1127 3368 1275 3421 baetim
1287 3370 1382 3420 csllid'u
1399 3371 1491 3419 estibus
1505 3373 1635 3437 csptsudss

482 3430 538 3479 Tam
554 3434 648 3497 nigrum
660 3450 754 3483 surrexe
770 3436 844 3483 milti!
863 3434 952 3493 Varios,
970 3436 1042 3485 variis
1090 3432 1124 3483 eri
1232 3434 1388 3500 respondens,
1405 3434 1573 3485 Romanorum
1591 3436 1635 3485 mi·

479 3494 744 3549 coloribusdistinctos.
1073 3514 1124 3547 sets
1151 3508 1276 3564 eprtrttos
1287 3499 1636 3566 morsscttpitetsnteoculos

513 3561 554 3609 94.
573 3562 604 3610 lis
624 3562 717 3626 Tyrios,
736 3568 793 3611 cett.
810 3560 905 3628 junge:
933 3573 956 3611 et
976 3564 1044 3615 illesa
1074 3564 1152 3628 ponit.

480 3627 730 3675 toruliednrecr'reum
741 3626 914 3691 oestesTyrins.
949 3626 1044 3677 Tertiis
1108 3628 1131 3675 1.
1147 3626 1199 3675 Hoc
1217 3644 1312 3691 quoque,
1332 3626 1430 3684 Tiresia,
1448 3636 1505 3678 cett.
1521 3629 1636 3681 Bonum

479 3696 536 3737 sunt
550 3698 649 3740 esterna
661 3690 832 3755 integumenta,
844 3700 934 3741 vestem
948 3700 1043 3757 stregu-
1074 3689 1186 3741 lectorem
1205 3690 1232 3740 in
1251 3708 1301 3741 rem
1318 3692 1422 3741 mediam
1438 3693 1510 3758 repit,
1523 3693 1634 3743 nimimm

480 3749 529 3801 lnrn
539 3752 583 3803 tori
595 3754 633 3804 vel
646 3754 702 3805 lecti
713 3754 848 3803 tricliniaris
859 3770 874 3803 s
884 3756 953 3805 sorde
963 3756 1043 3805 muni·
1074 3753 1100 3802 in
1110 3755 1258 3819 colloquium
1270 3755 1367 3821 Ulyssis
1378 3772 1435 3805 cum
1449 3774 1515 3807 ceco
1528 3756 1572 3806 iilo
1581 3766 1635 3807 vste

479 3816 554 3865 entis.
579 3818 767 3885 illoto,qnorum
779 3818 907 3885 adspectus
918 3820 1042 3871 festidium
1074 3820 1200 3875 Thebtno,
1210 3819 1312 3876 Tiresia,
1323 3820 1414 3870 desrte
1424 3820 1557 3871 ditescendi
1567 3821 1634 3871 hebi·

479 3881 847 3996 lllt.³.1lll..³l;..l¹'³⁸²⁵·
868 3886 893 3939 ‘³'
910 3886 953 3943 ²¹’
974 3896 1043 3949 “⁰²⁶
1074 3892 1156 3996 tlt.
1169 3884 1636 4001 llatlltlrlllllt‘llt

512 4008 618 4058 85-87.
637 4012 750 4067 oblitum,
762 4023 857 4075 quanto,
870 4020 1040 4061 certemus:
1072 3965 1215 4063 scisiitsnti
1232 3986 1317 4078 Uly’ssi
1343 4015 1448 4063 futurem
1474 3966 1528 4079 eius
1549 4024 1634 4065 sortem

478 4086 527 4120 non
545 4074 689 4137 cogitantem
711 4090 740 4125 ea
762 4092 818 4141 qun
842 4074 873 4124 sd
896 4075 1039 4125 munditiem
1073 4091 1086 4124 t
1118 4076 1157 4125 rit.
1202 4078 1252 4127 Hoc
1283 4096 1313 4142 qn
1358 4089 1496 4141 e,-preter
1522 4092 1633 4129 mss:

478 4144 596 4211 spectent,
608 4155 656 4214 quo
665 4139 779 4188 minorem
791 4154 872 4189 euram
887 4148 1040 4204 sumtumque
1098 4142 1175 4206 lysses
1194 4141 1246 4207 jem
1268 4140 1299 4191 de
1314 4096 1373 4191 Ἐκ
1391 4143 1463 4192 rebus
1482 4146 1635 4194 consuluerat

478 4210 646 4264 requirentis
664 4218 693 4253 eo
710 4204 832 4269 majorem,
845 4204 865 4253 si
877 4204 1039 4269 negliguntur,
1071 4205 1197 4262 Tiresiam,
1210 4205 1260 4255 vid.
1272 4206 1371 4256 Homer.
1382 4206 1400 4254 i.
1413 4222 1436 4255 c.
1448 4224 1472 4257 v.
1486 4209 1520 4258 90
1535 4224 1598 4274 sqq..
1609 4218 1635 4257 et

476 4265 683 4381 ffipmherqlsiqnem
700 4268 828 4380 incurrlere,
839 4284 912 4333 quem
925 4269 946 4317 si
962 4268 1042 4319 desint
1074 4284 1139 4383 nqqc
1149 4270 1235 4321 transit
1243 4270 1275 4321 sd
1286 4286 1373 4321 novem
1383 4286 1434 4321 rem
1447 4273 1479 4321 sb
1493 4272 1537 4321 illo
1548 4272 1632 4339 exqui-

630 4349 650 4380 ιε
664 4348 695 4379 nn
961 4369 968 4390 ‚
1172 4368 1180 4383 .

476 4408 527 4443 non
538 4346 585 4445 iiii
597 4348 622 4445 iii
632 4348 1041 4464 divittimetiiitisiintipipirdiiiueiit
1072 4348 1097 4383 re
1105 4350 1211 4454 aaa&
1229 4400 1308 4449 rideri
1324 4398 1405 4450 risisse
1419 4398 1515 4450 ridetur
1529 4399 1633 4451 Tiresias

511 4460 553 4509 99.
570 4462 695 4520 Auditum,
718 4477 753 4511 sc.
773 4472 893 4529 precepta
914 4478 970 4528 qus
988 4462 1041 4531 jem
1072 4460 1103 4511 de
1123 4464 1256 4519 hominum,
1280 4480 1402 4530 nunquam
1424 4474 1486 4515 sorte
1507 4481 1554 4515 sus
1574 4481 1631 4515 con·

476 4527 602 4573 enarrasti.
635 4526 720 4592 Perget
736 4544 876 4591 pronosque,
893 4543 1041 4593 quacunque
1071 4534 1199 4586 tentorum,
1213 4529 1318 4592 ingenio.
1353 4530 1453 4595 Ulysses
1466 4530 1594 4596 enim,qui
1607 4530 1631 4579 in

477 4586 573 4639 tandem
591 4588 630 4639 via
648 4590 679 4641 sd
696 4606 761 4650 sum,
772 4590 843 4658 cujus
860 4606 948 4643 nomen
965 4593 1039 4653 celes,
1071 4590 1211 4642 dulcissima
1221 4608 1273 4659 spe,
1281 4607 1308 4643 se
1318 4594 1384 4644 brevi
1394 4594 1426 4645 sd
1436 4610 1492 4645 tuos
1502 4594 1630 4645 redimrum

477 4666 570 4724 perges.
1072 4671 1134 4715 etse,
1151 4657 1303 4723 requiescere
1319 4658 1431 4717 debebat,
1451 4676 1514 4711 nunc
1531 4666 1631 4711 uteret
