3659 5892
930 517 1239 586 CARMINUM

718 675 832 741 ludex
846 673 1022 738 honestum
1035 671 1182 757 praetulit
1196 671 1281 750 utili,
1296 684 1332 737 et

718 777 849 861 Rejecit
864 775 931 839 alto
945 774 1034 839 dona
1045 775 1235 838 nocentium

761 879 878 955 Vultu,
893 887 929 942 et
942 899 1004 961 per
1016 877 1187 941 obstantes
1203 888 1353 942 catervas

806 978 980 1064 Explicuit
994 1000 1054 1042 sus
1069 979 1173 1044 victor
1187 1001 1289 1044 arms.

653 1083 697 1147 45
718 1081 797 1148 Non
811 1081 1036 1167 possidentem
1047 1079 1151 1144 multa
1164 1083 1333 1147 vocareris

716 1184 823 1250 Recte
838 1186 990 1248 besmm:
1013 1183 1136 1247 rectius
1151 1194 1293 1268 occupat

760 1285 893 1350 Nomen
906 1284 1008 1361 beati,
1023 1284 1080 1368 qui
1093 1284 1245 1350 Deorum

803 1385 1002 1452 Muneribus
1017 1387 1184 1471 sapienter
1196 1389 1257 1465 uti,

718 1488 911 1572 Duramque
926 1487 1024 1553 callet
1037 1489 1232 1572 pauperiem
1245 1490 1327 1574 peti,

654 1593 697 1656 50
718 1589 885 1675 Pejusque
899 1589 967 1655 leto
981 1589 1143 1674 flagitium
1158 1591 1263 1669 timet,

759 1691 839 1756 Non
853 1691 907 1756 ille
923 1713 984 1777 pro
999 1693 1084 1757 caris
1098 1692 1211 1757 amicis

802 1791 875 1857 Aut
889 1795 996 1878 patria
1010 1793 1144 1857 timidus
1159 1796 1280 1879 perire.

942 2096 1150 2163 CARMEN
1176 2099 1222 2162 X.

874 2327 939 2375 AD
973 2325 1285 2379 LIGURINUM.

587 2506 620 2571 Ο
636 2525 802 2570 cnunrrnrs
817 2503 937 2580 adhuc,
953 2514 988 2566 et
1002 2502 1144 2568 Veneris
1159 2506 1351 2569 muneribus
1366 2517 1498 2591 potens,

587 2609 758 2694 Insperata
773 2618 839 2671 tuae
854 2627 954 2690 quum
968 2605 1077 2670 veniet
1090 2604 1203 2690 pluma
1216 2606 1395 2691 superbire,

501 2799 528 2842 ut
549 2791 574 2840 in
596 2801 735 2866 ergumento
757 2791 902 2846 monuimus,
924 2790 970 2839 hoc
997 2805 1061 2839 suno
1092 2795 1154 2846 tum,
1166 2789 1269 2854 superbe
1283 2798 1308 2838 et
1322 2789 1447 2840 fastidiose
1463 2807 1530 2842 nunc
1548 2803 1661 2845 emstorce

501 2855 587 2906 consul
596 2855 650 2914 tun,
662 2865 717 2922 poet
730 2855 880 2906 consulatum
891 2871 988 2919 quoque
1001 2869 1061 2902 con·
1094 2859 1246 2911 ructantem,
1257 2854 1288 2904 de
1300 2855 1382 2904 formu
1398 2855 1528 2932 sortisque,
1540 2873 1597 2922 quse
1610 2876 1660 2909 euru

501 2920 603 2994 sulutem
614 2919 879 2994 dignitatemtuiturum
887 2935 939 2994 esse
949 2916 1063 2993 cit,quod
1095 2926 1200 2993 marest,
1211 2918 1347 2993 mutatione¹
1358 2927 1384 2968 et
1394 2919 1535 2970 conditrone
1551 2924 1660 2987 cogitare,

500 2985 1063 3113 111111ῒῖ1111ῗὲἱίῗέὲὲἒῖζεῗᾋῗξξῖἰ
1096 2982 1662 3120 tllttltsstttllttslttffltffpss

501 3121 550 3162 tete
559 3120 647 3162 menet.
664 3113 790 3164 Honestum
800 3115 904 3176 pretulit
915 3115 984 3162 atili:
995 3127 1061 3160 com·
1094 3111 1169 3160 brsrn.
1203 3112 1304 3161 Poetsm
1320 3112 1445 3168 Gnaeum.
1460 3129 1535 3178 quem
1551 3116 1662 3166 Horatius

501 3177 570 3226 mode
590 3177 615 3225 iu
636 3177 698 3226 bunc
721 3178 863 3226 sententiam
884 3175 986 3225 laudant
1006 3174 1062 3224 Cic.
1094 3175 1202 3225 imitetus
1218 3184 1264 3234 est,
1282 3186 1331 3225 trnr
1351 3177 1468 3224 csrminie
1486 3189 1660 3253 argumentum,

502 3242 574 3292 Offic.
589 3241 623 3298 iii,
640 3243 664 3298 4,
682 3241 729 3296 Qut
746 3251 823 3290 autem
839 3245 915 3289 amnia
932 3243 1063 3289 metiuntur
1095 3255 1167 3304 quam
1179 3239 1293 3290 dictionis
1304 3240 1381 3290 forms
1395 3248 1421 3290 et
1434 3241 1542 3292 elocutio
1556 3246 1661 3295 sstislu·

500 3309 656 3356 emolumentis
670 3317 692 3354 et
709 3309 834 3363 conmodis,
852 3323 924 3368 neque
940 3323 966 3353 ea
982 3306 1064 3353 volunt
1095 3305 1204 3354 autentas
1214 3305 1327 3369 produnt.

499 3372 671 3433 praeponderari
686 3371 808 3428 honestate,
818 3372 842 3417 bi
856 3371 965 3418 selentia
975 3369 1061 3416 deliba·
1129 3370 1200 3418 1-8.
1220 3369 1355 3419 Ocrudelis
1364 3371 1451 3426 adbuc,
1462 3387 1478 3419 o
1490 3379 1528 3426 tu.
1539 3371 1587 3446 qui
1600 3390 1662 3423 nunc

501 3437 574 3484 raudo
586 3437 702 3484 honesturn
716 3453 767 3484 nrm
782 3451 815 3492 eo,
827 3437 887 3498 quod
898 3435 956 3482 atila
965 3441 1061 3495 putant,
1094 3431 1192 3496 quidem
1203 3441 1228 3483 te
1236 3433 1323 3482 durum
1334 3443 1361 3485 et
1368 3449 1481 3502 espenrm
1490 3435 1553 3484 mibi
1564 3441 1661 3502 prebes,

500 3517 645 3564 comparare:
662 3501 714 3548 boni
731 3501 776 3548 oiri
793 3516 839 3546 non
855 3499 937 3546 solent.
970 3497 1063 3544 Etmbn
1094 3495 1223 3546 insolenter
1234 3513 1327 3548 umores
1338 3515 1405 3548 meos
1416 3499 1517 3564 rejicie3
1534 3511 1559 3548 et
1575 3503 1663 3551 Veseris

500 3581 547 3614 nan
557 3567 620 3614 modo
626 3565 703 3627 pluris
710 3563 869 3625 potare,quoel
876 3564 935 3610 utile
944 3563 1061 3618 videatur,
1094 3563 1229 3610 muneribus
1243 3573 1332 3625 potens,
1344 3571 1370 3612 et
1386 3563 1491 3630 corporis
1505 3564 1544 3613 tui
1558 3567 1662 3631 pulchri·

500 3647 568 3693 quam
579 3631 638 3692 quad
649 3629 786 3685 bonestum3
803 3629 841 3675 sed
858 3628 903 3675 lca
917 3628 987 3674 etiam
1000 3627 1064 3674 inter
1095 3625 1180 3675 tudine
1196 3626 1327 3690 plurimum
1341 3628 1428 3692 polles,
1440 3629 1501 3686 sive,
1513 3637 1539 3678 et
1554 3645 1600 3696 pro
1614 3647 1663 3680 cor-

500 3693 779 3754 seaomparareetinlris
794 3693 942 3747 addubitare,
954 3691 1062 3751 turpissi-
1094 3689 1159 3756 pon's
1175 3690 1212 3738 tui
1229 3691 1411 3756 pulchritudine
1430 3707 1546 3756 megnem
1566 3695 1594 3743 in
1615 3711 1662 3754 eos,

501 3775 563 3806 num
573 3767 615 3806 est.
650 3757 697 3806 Per
707 3759 819 3806 obstantes
830 3765 933 3805 cateruas
944 3754 1064 3817 Eapticait
1095 3753 1137 3820 qui
1148 3753 1192 3803 tibi
1208 3755 1324 3813 serviunt,
1336 3771 1433 3806 exerces
1444 3757 1589 3823 potentiam.
1624 3761 1662 3808 le·

501 3839 544 3872 suo
555 3825 628 3870 uictor
640 3838 719 3868 rnna:
737 3819 841 3878 animus,
853 3819 896 3884 qui
907 3819 993 3867 virtute
1009 3833 1064 3874 sus,
1095 3829 1189 3881 sperata
1206 3828 1252 3869 tue
1267 3838 1338 3882 quun
1353 3823 1430 3870 veniet
1443 3823 1526 3885 pluma
1543 3827 1662 3887 narrabis,

501 3895 616 3951 tunquam
633 3883 720 3950 clipeo,
732 3885 793 3934 bene
810 3883 926 3939 munitus,
939 3883 1066 3956 imitare
1097 3898 1154 3931 cum
1171 3894 1257 3949 prester
1267 3884 1406 3951 opinionem
1421 3885 1494 3934 leves
1509 3901 1587 3950 gerres
1601 3897 1663 3945 tuus,

502 3946 1062 4063 r
1401 4015 1664 4067 „a

503 4079 542 4137 tis,
549 4095 621 4137 more,
630 4077 718 4136 omnis,
726 4095 780 4143 qum
789 4077 843 4143 ejus
850 4075 961 4126 virtutem
969 4076 1063 4142 impug-
1096 4049 1185 4142 pueros,
1200 4076 1254 4126 leri
1270 4031 1608 4141 uilglln'edlac'niaaoee
1625 4099 1663 4131 so·

502 4155 570 4202 aaut,
582 4144 676 4192 vincere
688 4141 785 4192 dicitur.
1096 4142 1185 4189 cebant
1200 4140 1334 4200 ἀπτίλους,
1351 4143 1441 4202 λείους,
1457 4143 1506 4192 viel.
1521 4145 1626 4194 Jacobs.
1641 4147 1665 4195 in

535 4209 641 4258 ⁴5—52.
659 4207 711 4256 Non
722 4209 869 4270 possidentem
881 4205 957 4254 multa
971 4220 1063 4253 vocave-
1096 4205 1229 4254 Animam.
1240 4205 1270 4254 etl
1282 4206 1386 4256 Anthol.
1399 4208 1482 4257 Grec·
1492 4209 1542 4257 vol.
1553 4209 1581 4265 ii,
1593 4226 1620 4274 p.
1630 4210 1664 4267 iii,

501 4278 535 4324 ris
552 4275 623 4324 Recte
638 4275 744 4320 beatum:
770 4271 802 4321 cl.
820 4287 873 4336 sup.
890 4269 958 4326 itu,
978 4269 989 4316 l
1008 4284 1063 4333 sqq.
1096 4271 1346 4336 pomponiensem
1361 4270 1484 4321 molliores
1499 4274 1551 4322 sive
1565 4274 1664 4331 sinedi,

503 4340 557 4390 Non
568 4340 609 4388 itte
620 4339 714 4388 timidos
724 4339 809 4400 perire,
822 4351 873 4402 pro,
884 4334 926 4383 ille
938 4349 986 4382 nor
997 4332 1065 4382 timet
1097 4333 1186 4398 quibus
1197 4334 1272 4384 barbe
1281 4350 1434 4386 succrescere
1444 4337 1587 4403 incipiebat,
1596 4337 1665 4388 dese·

502 4405 586 4470 perire,
598 4403 654 4452 h.e.
663 4401 746 4450 volens
757 4401 891 4465 lubensque
902 4407 1002 4448 mortem
1009 4413 1063 4446 sus·
1096 4397 1211 4448 rebantur
1220 4399 1252 4447 eb
1268 4401 1429 4460 amatoribus5
1446 4400 1504 4449 binc
1519 4402 1584 4468 apud
1596 4405 1665 4452 Mer-

501 4468 575 4536 cipit:
594 4484 648 4533 sup.
667 4465 702 4524 iii,
719 4467 757 4523 19,
775 4467 800 4522 2.
820 4465 909 4514 Codrus
926 4479 968 4525 pro
984 4465 1065 4525 patria
1096 4461 1148 4512 tiul.
1158 4462 1176 4519 i,
1187 4465 1261 4522 325,
1273 4468 1347 4513 teneri
1358 4467 1439 4514 vultus
1450 4467 1565 4529 lanugine
1574 4472 1667 4517 eosdm

502 4551 548 4584 non
560 4535 656 4584 timidus
668 4533 734 4580 mori.
1096 4525 1276 4603 dirumperes.
1294 4529 1388 4578 Catull.
1400 4528 1445 4584 lxi,
1460 4530 1516 4580 1³6.
1552 4531 1608 4578 Tae
1625 4549 1664 4581 ses·

681 4656 834 4710 crnrrsn
853 4655 885 4704 x.
1015 4717 1020 4728 Ι
1093 4593 1667 4726 lsvlliillbffibssmaffilanffiahlffi

535 4725 684 4792 Ligurinum,
701 4737 801 4790 puenrm
818 4721 915 4770 mollem
933 4728 958 4769 et
973 4719 1063 4771 deltos·
1096 4724 1190 4780 ambe,
1201 4721 1348 4772 utlibullus
1356 4720 1393 4779 iii,
1402 4725 1428 4781 ⁴,
1439 4723 1472 4771 2⁷
1484 4721 1601 4790 loquitur,
1608 4727 1665 4788 fis·
