3659 5892
681 526 851 599 ‘urens
874 532 902 613 1,
925 530 957 597 a.
1041 495 1044 502 ⁴

330 687 379 753 Ut
393 688 532 773 quaeque
545 697 607 765 est,
619 687 665 752 ita
680 686 848 771 suppliciis
864 684 984 749 delicta
998 688 1149 751 coeroeti

267 790 311 857 80
332 790 369 855 Si
384 790 458 874 quis
472 810 548 854 eum
562 810 703 866 servum,
718 789 862 874 patinam
877 788 935 871 qui
949 786 1063 853 tollere
1072 789 1187 873 jussus

332 891 483 958 Semesos
497 892 605 976 pisces
620 891 833 976 tepidumque
847 888 1027 973 ligurrierit
1036 890 1105 975 jus,

332 994 373 1059 In
388 1016 484 1061 cruce
499 992 652 1079 suffigat3
676 994 834 1059 Labeone
848 992 995 1057 insanior
1008 992 1095 1057 inter

334 1096 439 1163 Sanos
454 1097 608 1163 dicaturi
653 1095 788 1170 Quanto
803 1094 866 1160 hoc
880 1092 1036 1159 firmarius
1050 1105 1149 1179 atque

336 1198 449 1286 Majus
463 1210 635 1285 peccatum
649 1209 717 1264 est:
741 1196 886 1283 paullum
901 1196 1040 1281 deliquit
1053 1198 1187 1275 amicus,

272 1300 317 1365 85
339 1300 453 1385 (Quod
468 1304 531 1370 nisi
546 1302 719 1379 concedas,
735 1299 878 1365 habeare
892 1298 1063 1383 insuavis)
1076 1299 1214 1364 acerbus

337 1402 449 1469 Odisti
464 1415 498 1471 et
513 1404 612 1491 fugis,
627 1414 665 1469 ut
679 1402 850 1467 Rusonem
864 1400 995 1465 debitor
1009 1401 1096 1478 oeris,

339 1505 408 1580 Qui
422 1507 497 1585 nisi,
513 1528 613 1592 quum
628 1504 739 1569 tristes
753 1504 873 1568 misero
885 1522 1004 1568 venere
1019 1501 1185 1580 Calendae,
1236 1530 1240 1538 ·

338 1607 529 1674 Mercedem
544 1620 601 1674 aut
615 1629 762 1672 nummos
777 1605 866 1670 unde
880 1604 970 1669 unde
982 1606 1135 1682 extricat,
1149 1623 1274 1668 amarem

340 1708 498 1776 Porrecto
508 1710 626 1797 jugulo
640 1708 805 1785 historias,
820 1707 969 1791 captivus
982 1715 1031 1783 ut,
1047 1706 1150 1770 audit.

276 1811 321 1877 90
342 1811 672 1878 comminxit-lectum
687 1820 795 1897 potus,
809 1828 962 1873 mensave
976 1806 1120 1873 catillum

341 1914 490 1980 Evandri
503 1916 652 1980 manibus
668 1914 781 1978 tritum
795 1910 932 1997 dejecit:
956 1910 1000 1975 ob
1013 1908 1099 1975 hanc
1112 1932 1193 1988 rem,

343 2015 414 2082 Aut
429 2018 572 2104 positum
587 2027 662 2083 ante
677 2038 749 2081 mea
763 2014 841 2099 quia
855 2010 981 2098 pullum
994 2012 1029 2075 in
1042 2020 1136 2098 parte
1150 2012 1250 2077 catini

344 2118 485 2185 Sustulit
499 2120 658 2197 esuriens,
671 2119 777 2183 minus
792 2116 855 2181 hoc
864 2114 1032 2201 jucundus
1046 2115 1169 2183 amicus

345 2220 396 2286 Sit
408 2220 509 2286 mihil
532 2221 612 2307 quid
628 2220 754 2297 faciam,
771 2219 798 2283 si
813 2217 937 2282 furtum
952 2216 1077 2296 iecerit,
1093 2228 1150 2283 aut
1167 2218 1196 2283 si

278 2324 322 2388 95
344 2322 533 2389 Prodiderit
548 2324 719 2388 commissa
732 2320 811 2399 fide,
829 2310 1024 2405 sponsumve
1038 2322 1188 2406 negaritl

345 2423 431 2500 Quis
446 2426 538 2510 paria
552 2446 625 2490 esse
640 2423 708 2489 iere
723 2422 846 2508 placuit
860 2432 1007 2507 peccata,
1022 2422 1183 2501 laborant,

344 2527 455 2601 Quum
469 2536 601 2592 ventum
615 2526 658 2590 nd
670 2547 780 2590 verum
794 2533 861 2589 est:
887 2544 1002 2589 sensus
1016 2545 1188 2609 moresque
1202 2538 1399 2611 repugnant,

258 2659 818 2790 arnsteinensem·
851 2658 942 2788 tiit
951 2656 1367 2789 ijtiittitittt'ti’
1387 2668 1413 2763 ⁶!

259 2791 331 2847 dulia,
343 2760 375 2839 ad
389 2806 451 2855 quos
468 2806 505 2839 ree
520 2790 649 2851 metimur,
664 2792 720 2848 suis,
731 2788 820 2854 quibus
852 2796 942 2844 catum,
959 2787 981 2836 si
997 2760 1110 2844 amicum
1126 2786 1168 2852 qui
1182 2759 1299 2861 paullnm'
1311 2740 1415 2838 duffii

260 2854 321 2901 ratio
332 2862 446 2920 tauquam
457 2856 504 2904 sibi
515 2855 615 2923 propriis
625 2854 661 2904 uti
669 2854 749 2903 debet.
776 2856 819 2912 dc,
853 2852 915 2917 (nisi
928 2852 993 2901 enim
1003 2860 1128 2917 peccatum
1142 2852 1221 2900 lenus
1234 2850 1306 2901 amici
1322 2868 1369 2902 oon

255 2934 297 2973 ,res
315 2918 347 2967 Ut
363 2936 455 2983 pureque
470 2930 511 2977 est,
528 2924 572 2979 itu,
589 2927 647 2969 cett.
663 2934 692 2967 ae
710 2934 754 2967 cur
772 2933 820 2967 non
852 2916 956 2973 neverit,
972 2918 1027 2983 jure
1045 2916 1153 2966 insuavis
1173 2915 1306 2980 habearis),
1326 2918 1413 2969 acerbo

261 2981 329 3039 rado,
346 2982 382 3031 uti
397 2984 510 3049 quodque
525 2984 640 3033 delictum
657 2990 820 3049 comparatum
852 2981 933 3030 animo
954 2989 983 3030 ut
1003 2980 1122 3030 hominem
1146 2979 1316 3031 invisissimum
1338 2982 1411 3049 iugis,

262 3055 306 3104 est,
315 3046 356 3104 ita,
367 3048 388 3096 si
399 3047 507 3112 graviora
519 3056 584 3107 sunt,
594 3047 718 3115 suppliciis
728 3046 821 3111 gravio·
853 3054 912 3096 cett.
943 3046 993 3095 Huc
1002 3046 1029 3095 in
1040 3044 1145 3094 ablativo
1155 3044 1186 3094 de
1196 3045 1267 3095 modo
1276 3045 1341 3095 dicto
1353 3047 1412 3097 leri-

260 3110 325 3159 ribus
337 3114 451 3162 coerceti
854 3125 894 3160 ore
908 3109 969 3160 servi
984 3119 1083 3176 peccato
1090 3127 1098 3169 ι
1114 3110 1218 3176 suppleri
1231 3110 1296 3159 enim
1310 3110 1415 3163 debebat

293 3176 335 3225 ΒΟ.
353 3176 449 3235 Tollere,
461 3192 497 3228 sc.
508 3177 539 3227 de
550 3191 642 3227 mensa.
853 3176 894 3225 lue
903 3174 930 3223 in
941 3175 1046 3224 ablativo
1057 3174 1220 3240 adstrictius,
1232 3174 1279 3223 nisi
1292 3175 1413 3241 adjectum

293 3240 335 3287 81.
351 3241 507 3305 Ligurrierit,
517 3240 686 3307 degustaverit.
854 3239 956 3299 tuisset3
972 3239 1015 3304 qui
1029 3241 1070 3288 hoc
1085 3238 1112 3287 ia
1126 3238 1274 3288 nominativo
1283 3242 1414 3306 accipiunt,

296 3305 337 3353 et.
354 3305 457 3354 Labeone
474 3310 577 3355 insanior
593 3309 654 3354 iuter
669 3306 739 3353 &aas
755 3306 821 3353 diea-
854 3313 883 3353 ut
902 3303 942 3362 sit,
959 3320 1062 3369 sequens
1079 3312 1215 3369 pecatum,
1233 3304 1347 3353 orationis
1364 3306 1415 3357 ele·

262 3370 319 3416 turi
350 3369 424 3419 Hunc
441 3370 531 3428 locum,
548 3370 616 3435 siguo
633 3368 822 3431 interrogationis
854 3369 961 3432 gantiam
971 3370 1084 3417 turbant:
1094 3368 1357 3434 scriosius,peccatum
1365 3371 1414 3437 su.

263 3440 318 3497 post
327 3435 422 3483 dicutur
434 3436 521 3499 posito,
532 3435 567 3484 ita
580 3433 705 3511 intelligo:
724 3448 780 3481 num
792 3432 822 3489 is,
854 3436 949 3489 sienem,
959 3433 1025 3497 quud
1040 3432 1168 3483 committit
1183 3432 1254 3481 homo
1269 3433 1347 3483 furore
1361 3450 1414 3501 per·

264 3496 306 3559 qni
324 3512 418 3546 serrum
435 3499 467 3548 ob
483 3498 599 3549 delictum
618 3499 695 3548 levum
710 3496 736 3546 in
753 3512 823 3546 cruce
855 3498 927 3546 citus.
950 3498 1064 3546 Paullum
1072 3500 1185 3561 deliquit:
1200 3496 1355 3563 provulgari,
1366 3499 1415 3548 “si

263 3562 367 3625 suffigat,
376 3562 487 3613 Labeone
497 3578 555 3613 saue
566 3562 824 3620 insanior‚intersanos
856 3560 970 3620 amicum,
991 3561 1034 3626 qui
1055 3561 1164 3628 paullum
1183 3560 1295 3625 deliquit,
1315 3561 1415 3620 odisti,”

264 3624 393 3675 reseraturi
427 3628 537 3685 Quodsi
553 3626 825 3677 autarnhiclocusrine
856 3625 971 3676 viridiore
984 3625 1112 3675 andanei
1169 3639 1273 3690 peccans
1285 3626 1416 3678 inducitur.

264 3688 447 3754 interrogatione
462 3692 597 3743 efferendus
613 3692 707 3757 sit,pro
722 3693 824 3747 dicutur,
859 3691 945 3747 Odisti,
956 3707 991 3739 sc.
1002 3706 1066 3739 eum.
1124 3689 1349 3747 succendentium
1364 3700 1417 3741 tum

265 3754 356 3811 malim,
368 3758 474 3817 tuetur,
491 3766 519 3807 ut
533 3757 573 3816 sit,
584 3756 606 3807 is
619 3772 678 3806 sane
691 3759 753 3804 iuter
761 3772 826 3804 sanos
858 3753 1032 3813 foeneratorem,
1040 3754 1111 3821 cujus
1121 3753 1284 3813 acerbitatem,
1292 3769 1347 3804 curn
1356 3756 1418 3816 dies,

266 3816 342 3881 (iuter
350 3819 458 3869 homines
468 3822 523 3870 sani
531 3820 628 3887 judicii,
637 3836 654 3869 a
664 3818 743 3883 sanis)
755 3819 826 3869 homo
858 3834 907 3883 quo
921 3834 972 3868 sors
985 3826 1029 3868 aut
1043 3834 1123 3869 usura
1139 3819 1259 3869 solvenda
1275 3828 1363 3879 esseut,
1374 3836 1417 3871 ee·

265 3882 826 3953 reu
858 3882 1418 4014 urs

267 4012 405 4071 Pretorius,
418 4023 443 4063 et
458 4015 524 4063 iams
539 4014 749 4070 celebratissimus,
760 4013 826 4079 (qui,
859 4028 921 4078 quas
941 4013 1074 4079 scripserat,
1092 4012 1203 4062 historias
1218 4012 1335 4081 patienter
1350 3986 1420 4065 aurei

266 4077 326 4141 quia
340 4078 418 4127 multa
432 4079 612 4135 contumaciter,
624 4086 651 4127 ut
666 4078 697 4127 ad
711 4078 775 4127 hunc
790 4078 826 4126 lo·
859 4078 1047 4127 commodarent.
1080 4078 1195 4135 Cuknde
1207 4078 1298 4143 quibus
1312 4087 1356 4128 aut
1369 4096 1420 4129 sore

266 4156 323 4190 eum
339 4144 451 4192 observat
461 4152 530 4194 retus
546 4143 701 4201 Scholiastes,
714 4142 828 4193 adversus
859 4142 946 4192 ioenori
956 4143 1022 4199 data,
1033 4150 1077 4191 aut
1086 4158 1165 4192 usura
1180 4158 1196 4191 a
1204 4142 1347 4194 ioeneratore
1357 4144 1419 4193 redi-

268 4206 390 4256 Cernen
409 4207 496 4257 dixerit
511 4207 649 4273 ieceritque,
668 4208 700 4257 ab
717 4208 827 4264 Horatio,
860 4208 995 4272 gebantur3
1017 4206 1074 4257 irinc
1093 4206 1198 4256 suaviter
1216 4210 1292 4256 tristes
1309 4208 1421 4258 dicuntur

267 4278 296 4317 ut
304 4270 416 4345 Augusto
426 4272 572 4329 adularetur,
582 4288 648 4322 nunc
663 4280 691 4321 ut
705 4272 776 4321 homo
791 4272 828 4321 in·
861 4274 941 4320 misero
954 4270 1062 4328 debitori,
1073 4270 1125 4337 qui,
1137 4271 1203 4337 quod
1216 4272 1295 4331 debet,
1308 4288 1356 4322 non
1371 4273 1421 4322 sol·

268 4349 342 4383 sanus
351 4336 465 4386 reductus
479 4337 537 4399 eit);
554 4352 585 4385 an
597 4336 677 4401 (quud
687 4337 762 4386 multo
774 4352 827 4403 prc-
860 4352 915 4387 vers
924 4344 1016 4402 potest:
1034 4336 1067 4385 ci.
1083 4352 1138 4403 sup.
1153 4336 1184 4385 ad
1201 4336 1314 4402 Epod.2,
1326 4338 1368 4394 69,
1379 4338 1421 4388 70.

269 4398 386 4464 habilius)
396 4400 460 4450 alius
467 4402 566 4467 quidam
577 4400 648 4450 homo
658 4401 780 4465 ignobilis,
791 4400 827 4449 ins
862 4400 916 4450 Nisi
929 4402 1057 4451 Mercedem
1070 4412 1112 4450 aut
1122 4418 1224 4450 nummos
1235 4404 1298 4449 uude
1312 4406 1373 4451 uude
1382 4419 1420 4451 es-

269 4462 344 4513 saniae
359 4464 461 4529 quodam
478 4474 630 4531 generatum
647 4476 733 4525 notus,
749 4466 775 4515 id
786 4466 828 4515 do·
861 4468 942 4524 tricet,
950 4465 997 4514 nisi
1005 4474 1049 4515 aut
1056 4480 1141 4516 usuras
1150 4474 1193 4515 aut
1200 4472 1286 4514 sortem
1295 4463 1420 4516 undecun-

269 4528 372 4576 cendum
380 4529 419 4587 iis,
443 4546 487 4580 uos
497 4530 523 4579 iu
533 4528 591 4579 talia
598 4529 738 4594 diligentius
748 4530 828 4597 inqui·
861 4545 909 4595 que
919 4530 1015 4580 tandem
1024 4530 1120 4595 expedit
1131 4539 1156 4579 et
1165 4529 1242 4595 cogit:
1259 4545 1310 4587 nos,
1322 4546 1386 4579 wear
1396 4550 1422 4581 er

268 4546 581 4714 urii
597 4668 645 4710 s,
774 4674 818 4722 ι
861 4595 1218 4708 ,unm
1234 4598 1422 4723 mn

268 4718 376 4772 eiushoc
389 4676 718 4791 leviorepeccatieervi,qqui
728 4738 832 4776 mesos
865 4722 1010 4791 neutringes
1024 4724 1097 4772 kann.
1129 4675 1236 4780 Amareis:
1254 4737 1289 4772 sc.
1304 4722 1424 4775 audienti.
