3659 5892
453 534 519 603 346
863 531 1186 601 SATIRARUM

476 685 517 749 15
537 684 612 749 «lam
627 684 751 750 dudum
766 686 882 751 video:
907 688 967 752 aed
980 687 1027 752 nil
1040 689 1129 773 agia:
1152 710 1257 773 usque
1271 690 1409 767 teneb03

538 786 735 872 Prosequar.
770 788 871 868 Hinc,
887 812 954 873 quo
968 812 1055 855 nunc
1068 792 1133 856 iter
1145 799 1199 855 est
1211 790 1296 855 tibi?
1329 788 1390 853 Nil
1404 810 1487 873 opus
1501 797 1554 852 eet
1567 797 1604 853 te

538 888 740 975 circumagi:
764 892 927 975 quendam
941 891 1016 956 volo
1029 892 1134 957 visere
1148 915 1215 958 non
1223 894 1289 957 'tibi
1303 903 1433 970 notum,

537 990 646 1055 Trana
661 992 810 1058 Tiberim
823 993 920 1079 longe
934 994 1076 1059 cubatio
1091 1016 1195 1079 prope
1210 994 1351 1059 Cincaris
1365 993 1490 1057 hortos.

536 1092 595 1157 Nil
610 1093 718 1159 habeo
732 1095 821 1179 quod
834 1117 939 1180 agam,
952 1106 986 1160 et
1000 1117 1066 1160 non
1079 1118 1150 1159 sum
1161 1096 1273 1181 piger3
1296 1117 1401 1179 usque
1413 1114 1533 1177 sequar
1543 1101 1589 1156 te.

471 1196 515 1260 00
537 1195 685 1259 Demitto
699 1194 871 1275 auriculas,
888 1208 925 1261 ut
939 1198 1060 1281 iniquae
1073 1200 1191 1263 mentis
1205 1197 1337 1275 asellus,

537 1296 649 1371 Quum
663 1300 794 1382 gravium
810 1298 909 1364 dorso
925 1300 1026 1363 subiit
1038 1322 1131 1364 onua.
1177 1298 1298 1384 Incipit
1312 1297 1383 1363 ille:

538 1398 575 1461 Si
589 1400 673 1477 bene
687 1422 738 1465 me
753 1402 839 1479 novi,
855 1424 922 1466 non
934 1401 1073 1467 Viscum
1086 1399 1190 1486 pluris
1204 1401 1354 1478 amicum,

537 1499 616 1565 Non
630 1501 779 1581 Varium,
795 1503 913 1568 facies:
935 1524 1009 1567 nam
1024 1503 1097 1587 quie
1111 1525 1163 1567 me
1179 1502 1322 1568 scribere
1337 1500 1460 1586 plures,

537 1598 609 1666 Aut
622 1604 718 1668 citius
732 1604 838 1689 possit
852 1607 988 1669 versus?
1010 1604 1084 1687 quis
1098 1605 1242 1668 membra
1255 1625 1386 1668 morere

471 1703 517 1767 25
537 1702 697 1769 Molliuel
720 1705 864 1770 invideat
877 1705 968 1789 quod
982 1715 1016 1769 et
1030 1704 1268 1790 Hermogenes,
1280 1726 1345 1789 ego
1358 1712 1466 1769 canto.

537 1803 772 1890 Interpellandi
785 1806 876 1872 locus
891 1807 946 1873 hic
960 1816 1048 1871 erat:
1071 1807 1137 1872 Eat
1148 1808 1209 1871 tibi
1221 1818 1335 1883 mater,

538 1906 688 1991 Cognati,
704 1907 778 1993 quie
793 1919 825 1975 te
840 1907 929 1973 salvo
943 1918 995 1972 eet
1009 1911 1115 1993 opusl
1159 1908 1263 1974 Haud
1276 1908 1357 1973 mihi
1370 1907 1560 1992 quisquam3

538 2006 663 2073 Omnes
678 2012 856 2095 composui.
902 2009 1047 2075 Felices!
1092 2010 1193 2075 Nunc
1207 2033 1271 2096 ego
1284 2020 1384 2075 resto.

538 2110 694 2188 Confice;
717 2132 856 2195 namque
872 2112 972 2177 instat
986 2109 1089 2175 fatum
1102 2111 1181 2175 mihi
1196 2112 1300 2189 triste,
1317 2110 1449 2175 Sebeda

471 2211 516 2277 30
538 2211 639 2286 Quod
654 2233 757 2295 puero
771 2213 900 2292 cecinit,
915 2214 1025 2277 divina
1038 2223 1126 2278 mota
1139 2235 1222 2277 anua
1236 2234 1336 2278 urna:

450 2383 507 2431 noris
517 2392 584 2431 etum
595 2397 623 2429 su
635 2381 746 2447 hffeileu.
753 2383 850 2432 Terent.
860 2382 975 2433 Eunuch.
982 2383 1009 2440 ii,
1042 2388 1156 2440 umento,
1167 2391 1197 2431 ut
1206 2389 1287 2431 narmi
1296 2382 1365 2432 Suet.
1374 2380 1401 2429 in
1408 2382 1425 2432 J
1427 2380 1461 2431 nl.
1472 2397 1495 2432 c.
1506 2382 1548 2438 03,
1557 2397 1601 2449 po·

450 2448 476 2503 ³,
488 2448 529 2505 50,
542 2446 615 2509 Rogo,
627 2448 739 2509 numquid
751 2449 821 2495 velit:
835 2457 903 2504 recte,
916 2450 994 2511 iuquit
999 2465 1010 2508 ,·
1042 2447 1101 2513 pulo
1112 2447 1135 2496 le
1167 2454 1243 2496 rent.

450 2514 512 2560 uteo.
547 2506 604 2559 Alia
613 2510 725 2576 exempla
735 2511 834 2576 collegit
844 2510 934 2559 Heiud.
1075 2513 1118 2560 21.
1152 2510 1503 2575 uliitrultimapercsesuraru
1513 2510 1603 2577 produ·

484 2577 509 2624 7.
526 2574 596 2623 Neris
606 2592 653 2631 rece,
665 2574 745 2630 velim,
758 2584 785 2623 ut
797 2591 840 2625 noe
852 2576 924 2624 adria.
1042 2574 1114 2625 citur.

484 2641 509 2689 0.
526 2638 576 2687 lior
592 2654 643 2705 pro,
653 2654 681 2687 eo
698 2638 781 2704 pluris,
793 2640 831 2689 vel
845 2656 895 2706 pro,
907 2640 939 2689 ob
954 2639 1010 2691 hoc.
1074 2641 1116 2688 22.
1133 2640 1188 2687 Nou
1201 2640 1301 2695 Viscum,
1313 2638 1413 2687 alterum
1423 2654 1438 2687 e
1449 2638 1545 2687 duobus
1554 2636 1602 2686 lra-

452 2703 546 2757 Misere,
565 2710 593 2750 ut
609 2720 630 2750 ι.
643 2704 682 2759 14,
695 2718 746 2768 pro,
756 2703 834 2761 valde,
851 2705 1010 2762 vehementer,
1043 2702 1137 2763 tribue;
1152 2703 1178 2751 in
1195 2704 1273 2752 Satira
1290 2712 1406 2767 sequente
1421 2720 1445 2751 v.
1459 2704 1502 2759 83,
1517 2712 1542 2749 et
1557 2704 1604 2750 lsee

450 2775 479 2815 ut
499 2767 587 2817 docent
609 2768 718 2816 berica:
750 2768 870 2834 precipue
893 2768 923 2817 de
941 2770 1012 2818 rebor
1043 2771 1135 2817 utinum
1145 2769 1262 2817 Viscorum
1271 2766 1604 2829 audenterqueubismot.

450 2831 784 2895 quavehementeranimum
801 2832 919 2889 cruciant,
932 2834 1012 2881 etmi·
1045 2832 1113 2891 Aen,
1139 2832 1199 2880 Visei
1216 2834 1263 2880 duo
1272 2831 1485 2897 fratressueruut.
1519 2832 1602 2888 Peter,

451 2910 530 2945 serum
548 2894 666 2955 reddunt;
690 2896 747 2945 hinc
763 2913 788 2944 v.
809 2898 847 2954 10,
865 2897 941 2945 Sudor
959 2898 1011 2945 Ho·
1047 2898 1126 2944 l'ilrius
1137 2896 1224 2952 Viscus,
1233 2899 1364 2959 quamuiset
1374 2898 1604 2944 diuitiisetereieitiu

451 2960 512 3009 ratio
530 2960 560 3009 de
576 2959 705 3023 importuni
721 2960 822 3009 hominis
832 2962 972 3025 garrulitate
982 2964 1013 3009 od
1045 2962 1147 3025 Augusti
1157 2962 1327 3027 elutusjiserct,
1338 2962 1363 3006 iu
1374 2962 1472 3023 equestri
1480 2969 1557 3008 terrers
1564 2976 1603 3007 or·

451 3028 505 3073 imos
517 3026 574 3073 tolor
584 3042 683 3072 mutuasse
694 3024 791 3072 dicitur.
1044 3026 1099 3073 diue
1114 3027 1259 3087 perduravit.
1278 3042 1330 3073 erem
1340 3026 1406 3087 filios
1421 3040 1473 3072 tuos
1489 3032 1604 3072 unctores

486 3089 525 3137 ll.
539 3090 600 3161 (lte.
610 3088 705 3145 Boione,
717 3090 802 3136 cerebri
811 3088 931 3163 felicem!
947 3088 1012 3137 Feli·
1037 3090 1143 3153 feriaret.
1165 3088 1220 3137 Neu
1233 3088 1346 3137 Verium.-
1361 3088 1394 3135 ci.
1411 3102 1467 3153 sup.
1477 3086 1509 3136 ad
1523 3087 1573 3137 Od.
1584 3087 1603 3145 i,

451 3151 1010 3281 lidudrllddldngdlddug'ddlididridnidgcddii,
1042 3153 1116 3265 (2214
1134 3218 1192 3272 Quis
1206 3218 1305 3264 membre
1317 3232 1407 3289 ¹srsorere
1419 3216 1532 3264 Mollior?
1547 3215 1604 3289 quis

451 3296 504 3338 noe,
525 3281 638 3345 Tollkops,
657 3281 690 3329 cl.
707 3297 761 3346 sup.
778 3282 808 3329 ad
824 3283 875 3329 Sat.
891 3281 907 3337 i,
920 3282 1010 3343 5,21),
1043 3280 1151 3329 molliore
1169 3288 1194 3330 et
1211 3280 1365 3329 concinuere
1382 3280 1471 3345 pedum
1492 3278 1604 3329 brechio·

451 3344 582 3409 garrulum,
601 3345 680 3419 qualia
697 3345 735 3394 hic
752 3345 900 3402 describitur,
917 3346 943 3394 in
959 3360 1011 3393 ma·
1043 3359 1144 3419 numque
1152 3344 1281 3408 agitatione
1288 3344 1389 3394 saltaret
1401 3343 1605 3393 Nommestillud

451 3410 501 3457 lam
516 3409 866 3474 remabrrejueeurueluieeet.
899 3410 1011 3468 Βοιαιιιιι,
1044 3408 1126 3458 ovini
1138 3410 1193 3458 Art.
1206 3410 1264 3457 Am.
1274 3409 1292 3465 i,
1304 3410 1361 3464 595,
1373 3410 1399 3456 Si
1413 3426 1456 3458 ece
1471 3417 1604 3465 eruerem,

451 3480 480 3522 ut
501 3482 568 3523 notat
593 3474 675 3523 Schol.
698 3474 783 3537 Cmq„
798 3475 855 3536 fuit
877 3476 948 3530 horno,
972 3477 1013 3537 qui
1042 3476 1063 3522 ri
1090 3474 1170 3521 mollio
1192 3475 1296 3529 machir,
1322 3475 1392 3521 tulta.
1438 3474 1605 3536 Hermogenes:

451 3537 582 3602 ὀξύχολος,
594 3540 685 3587 uulliru
694 3541 793 3599 ineptius
795 3539 900 3603 j'erebot,
912 3542 951 3586 sed
964 3550 1012 3586 etu-
1044 3537 1153 3586 homines
1183 3536 1305 3592 ridiculos,
1335 3536 1415 3601 qualis
1446 3535 1493 3585 fuit
1523 3546 1606 3585 conten

451 3606 493 3651 tim
512 3605 547 3651 uel
565 3606 591 3651 s'u
603 3605 693 3668 J'uciem
712 3604 810 3665 quemvis
828 3603 1013 3664 reprehendebat,
1046 3602 1209 3666 Hermogenes
1219 3601 1337 3665 Tigellius
1351 3602 1398 3666 (cl.
1411 3616 1466 3667 eup.
1477 3600 1508 3649 ad
1522 3602 1573 3649 Sat
1585 3601 1604 3658 i,

450 3669 546 3780 edicibile
564 3682 589 3715 eo
609 3670 664 3729 quid
680 3670 784 3723 sentiret,
803 3684 848 3715 uors
868 3668 1010 3715 dissimulate
1041 3667 1067 3721 2,
1091 3666 1131 3727 3),
1151 3666 1236 3731 querit
1261 3673 1356 3732 arrepta
1382 3665 1509 3715 occasione
1534 3674 1608 3731 poeta

468 3735 502 3780 see
517 3740 550 3778 rr.
1100 3730 1127 3778 it.

487 3797 526 3845 15.
542 3795 587 3843 Sed
603 3796 639 3842 rsil
656 3798 715 3860 ogi-r,
735 3793 776 3844 aed
796 3794 890 3841 frustra.
937 3793 1011 3857 [leque
1042 3744 1117 3842 car2¹³6.
1139 3794 1309 3857 interpellandi
1329 3794 1390 3841 locus
1411 3795 1449 3842 lrir
1469 3802 1536 3840 erat:
1564 3792 1606 3842 hie

452 3862 537 3914 teuto,
554 3874 589 3907 sc.
608 3866 646 3919 te;
663 3866 798 3908 constanter
815 3856 858 3907 tibi
875 3856 1010 3913 adhaerebo,
1042 3866 1134 3924 poterat
1149 3866 1220 3923 poeta
1236 3858 1386 3908 occasionem
1404 3866 1499 3922 captare
1515 3872 1606 3905 aermo-

452 3939 497 3971 nee
508 3922 628 3972 discedam
641 3938 656 3971 a
667 3932 708 3971 tuo
720 3922 808 3981 latere3
825 3930 853 3970 ut
864 3922 1010 3987 paulopost,
1043 3938 1099 3971 nem
1111 3922 1222 3986 agarruli
1229 3920 1496 3988 jactantiadeilectendi
1504 3920 1535 3969 ad
1543 3920 1606 3982 alia3

455 3988 530 4050 Usque
548 4006 629 4051 sequar
652 3998 683 4037 te.
725 3988 785 4035 Mox
808 4002 859 4051 pro,
883 3987 1013 4049 Prosequor
1043 3986 1130 4052 querit
1144 3986 1259 4051 igiturex
1272 4001 1394 4051 eo‚quem
1410 3986 1560 4049 habeat,qui
1575 4000 1607 4034 ex

452 4051 491 4113 (h.
502 4068 525 4100 e.
536 4061 560 4100 te
571 4052 713 4109 comitabor)
728 4050 758 4099 ad
770 4050 840 4099 fidem
857 4050 1012 4116 plurimorum
1044 4051 1118 4099 tantis
1131 4051 1185 4116 ejus
1195 4051 1324 4100 virtutibus
1334 4050 1427 4098 lmctm
1441 4050 1538 4116 capiatl
1554 4064 1606 4098 ma·

453 4115 531 4165 Codd.
545 4117 594 4165 l'ea
612 4116 722 4165 exhibuit
741 4116 877 4177 Persequar.
910 4114 1013 4162 Librarii
1044 4124 1179 4164 tromnean
1192 4119 1323 4179 cognataet
1341 4130 1442 4180 quorum
1453 4116 1557 4162 multum
1567 4114 1606 4163 in·

452 4180 1012 4293 sepisssimpcolpitradierluptpelrreptrss'legprorequqi':
1044 4190 1131 4253 teresse
1144 4179 1239 4291 debetat,
1249 4180 1344 4253 salvum
1359 4179 1545 4277 et'incolumem
1561 4179 1607 4226 flo-

451 4262 502 4294 vr.
541 4260 639 4293 raen.
727 4260 760 4292 ιν.
789 4258 970 4299 21.1.xc11‚
1006 4279 1013 4292 .
1045 4258 1244 4293 rerevrmmam
1336 4260 1392 4292 um.

452 4310 485 4357 vi.
496 4327 521 4375 p.
537 4310 593 4357 400.
606 4308 686 4371 Magia
700 4322 758 4357 sane
769 4260 849 4373 plicet
859 4307 929 4356 lectio
937 4324 1013 4370 perse·
1076 4310 1118 4357 28.
1141 4258 1335 4371 Corrrposuilgiitsse¹
1349 4306 1497 4373 sepeliendos
1515 4304 1608 4355 curari.

466 4392 520 4431 uer,
529 4374 618 4440 quippe
630 4390 684 4439 que
695 4372 780 4421 melius
788 4371 914 4437 respondet
924 4388 1014 4436 prece·
1046 4373 1149 4421 Perua!
1183 4372 1253 4421 Nune
1274 4390 1314 4437 ego
1333 4383 1402 4420 resto.
1444 4370 1558 4420 Horatius
1575 4386 1606 4419 ee

451 4390 519 4487 denti
531 4440 623 4495 terreum
643 4446 679 4486 eat
696 4436 760 4486 enim
770 4453 893 4501 persequere
905 4452 1011 4502 premam
1042 4453 1098 4501 quea
1117 4452 1182 4485 nunc
1201 4452 1283 4485 secum
1300 4436 1435 4502 reputabat,
1455 4434 1511 4484 inde
1528 4449 1608 4499 usque

452 4504 551 4569 urgebo,
563 4502 692 4551 inhaerebo.
1043 4500 1074 4549 ad
1084 4518 1108 4549 v.
1120 4502 1161 4556 35,
1174 4501 1302 4551 lectoribus
1313 4500 1431 4567 aperiens,
1443 4499 1550 4547 imitatur
1564 4514 1607 4546 ac·

488 4570 528 4615 lt.
547 4567 631 4622 Colat,
643 4572 757 4631 agrotum
774 4578 826 4620 noe,
838 4581 864 4613 er
882 4567 911 4613 ier
929 4568 1011 4613 tesua·
1043 4573 1105 4613 tores
1116 4565 1142 4612 ia
1153 4565 1262 4623 Fabulis,
1274 4563 1402 4631 quiasemi
1417 4564 1489 4612 abeo
1500 4578 1608 4628 quocum

451 4634 516 4696 pig,
534 4640 560 4680 ut
575 4631 618 4680 iul.
636 4633 687 4680 Sat.
704 4630 730 4687 ii,
748 4630 772 4686 3,
783 4631 842 4684 295,
855 4627 934 4695 Epist.
946 4630 972 4685 ii,
984 4630 1010 4685 2,
1042 4629 1182 4694 loquuntur,
1193 4644 1249 4693 qua
1259 4646 1340 4680 recum
1354 4630 1454 4693 agitant,
1466 4626 1606 4693 spectatori·

454 4698 494 4745 60.
523 4694 820 4758 ὼιιιίιιυιιιι,ιιιιοι.1.
834 4693 1010 4744 Cesariutee·
1043 4695 1088 4743 bus
1100 4694 1218 4759 aperiunt.
1595 4714 1599 4718 ’
