3659 5892
671 500 836 569 LIBER
858 501 886 582 Ι,
903 502 934 567 5.

316 656 472 733 Messius,
489 653 645 743 Accipi03
669 666 769 741 caput
784 666 818 720 et
831 665 960 721 movet:
985 653 1030 733 O,
1045 662 1104 718 tua
1116 674 1220 720 cornu

317 758 364 824 Ni
378 757 463 823 foret
477 768 610 824 exsecto
624 756 715 824 frons
728 756 857 840 (inquit)
872 756 954 840 quid
968 754 1104 833 faceres,
1119 778 1193 821 cum

252 862 295 926 60
316 860 371 925 Sic
386 860 518 927 mutilus
533 862 712 927 miniteris?
756 857 805 924 At
819 858 865 923 illi
879 858 971 923 sceda
984 859 1121 923 cicatrix

317 962 466 1027 Setosam
479 963 552 1028 lassi
566 962 706 1028 frontem
720 970 909 1046 turpaverat
922 961 1000 1025 oris.

318 1065 518 1151 Campanum
533 1066 567 1129 in
581 1065 741 1141 morbum,
757 1064 791 1128 in
806 1060 922 1128 faciem
936 1060 1099 1147 permulta
1108 1062 1251 1148 jocatus,

318 1166 489 1233 Pastorem
504 1167 638 1232 saltaret
653 1166 701 1230 uti
716 1163 872 1251 Cyclopa,
888 1166 1047 1248 rogabat3

317 1266 376 1332 Nil
391 1268 436 1333 illi
449 1268 539 1334 larva
553 1278 610 1333 aut
625 1267 757 1353 tragicis
772 1288 855 1352 opus
870 1288 943 1332 esse
958 1265 1137 1332 cothurnis.

252 1368 296 1433 65
317 1367 426 1434 Multa
439 1370 584 1437 Cicirrus
600 1369 643 1434 ad
657 1368 741 1446 haec,
758 1369 916 1433 donasset
926 1368 1036 1454 jamne
1050 1376 1198 1433 catenam

318 1470 375 1535 Ex
389 1481 465 1537 voto
482 1473 635 1549 Laribus,
652 1472 843 1555 quaercbatt
866 1471 974 1535 scriba
985 1470 1075 1554 quod
1088 1479 1188 1549 esset,

320 1572 476 1639 Deterius
492 1574 593 1640 nihilo
604 1573 744 1638 dominoe
753 1571 810 1657 jus
825 1594 909 1637 csse.
955 1570 1111 1656 Rogabat

320 1674 483 1759 Denique,
499 1697 559 1740 our
573 1696 716 1759 unquam
731 1673 889 1759 fugisset3
913 1675 967 1741 cui
982 1675 1061 1739 satis
1075 1696 1142 1740 una

318 1775 429 1842 Farris
444 1777 528 1842 libra
542 1776 638 1856 soret,
655 1775 768 1862 gracili
784 1776 842 1854 sic,
858 1786 989 1860 tamque
1003 1775 1144 1861 pusillo?

255 1877 298 1942 70
320 1877 460 1943 Prorsus
471 1878 618 1963 jucunde
632 1900 758 1944 coenam
773 1878 987 1963 produximus
1001 1878 1099 1943 illam.

318 1979 500 2045 Tendimus
515 1979 591 2045 hinc
606 1990 697 2046 recta
713 1979 954 2060 Beneventum
976 1982 1035 2047 ubi
1046 1980 1180 2047 sedulus
1193 1981 1315 2070 hospes

321 2080 432 2161 Paene,
447 2104 585 2161 macros,
601 2084 692 2160 arsit,
708 2083 787 2147 dum
802 2083 916 2148 turdos
932 2093 1040 2148 versat
1054 2085 1087 2148 in
1100 2084 1197 2168 igne:

320 2182 408 2248 Nam
421 2206 503 2271 vaga
516 2205 576 2271 per
590 2194 732 2251 veterem
747 2184 874 2270 dilapso
889 2184 1017 2249 flamma
1031 2184 1171 2250 culinam

234 2367 316 2425 dubio,
328 2368 386 2435 quia
396 2370 503 2420 Messius
512 2370 620 2421 vastioris
630 2370 735 2437 corporis
745 2370 789 2421 ha·
822 2370 951 2421 Galateam
968 2370 1034 2429 fecit,
1043 2368 1158 2420 delicies:
1172 2371 1217 2422 int.
1227 2372 1307 2439 Epist.
1318 2373 1345 2434 ii,
1355 2378 1381 2435 2,

235 2448 275 2481 uto
287 2432 341 2489 tuit,
352 2434 470 2509 simulque
480 2434 593 2495 ferocium
610 2435 666 2485 hiuc
678 2438 789 2485 Sarmen-
823 2438 878 2493 125,
891 2435 1003 2484 NoncSo
1031 2449 1287 2504 ramnuncsgmsem
1300 2440 1382 2503 Cyclo·

234 2497 403 2548 trrsltlsseium
417 2514 468 2573 stne
484 2499 550 2549 larsa
566 2510 592 2551 et
606 2500 729 2551 cothurnis
743 2502 789 2565 Cy·
820 2508 972 2562 punctetur.
1004 2446 1100 2549 pm:
1116 2499 1210 2550 scilicet
1223 2502 1381 2577 quijamper

235 2563 302 2625 clepo
320 2562 407 2612 saltare
420 2564 499 2627 jubet,
518 2574 542 2613 et
560 2564 617 2614 hinc
635 2565 742 2615 Messius
761 2580 792 2613 ex
824 2578 850 2613 ss
868 2563 960 2613 fredum
976 2564 1069 2614 vultum
1086 2564 1199 2621 ostendit,
1217 2582 1240 2615 es
1256 2582 1305 2617 nou
1321 2584 1383 2635 opus

235 2626 344 2691 opposito
366 2642 389 2676 v.
411 2628 444 2677 69
461 2628 579 2678 Sarmenti
600 2644 686 2704 corpus
703 2630 793 2695 gracile
824 2636 862 2678 aet
877 2627 984 2677 loedioria
997 2630 1078 2678 vultus
1089 2628 1170 2687 larva;
1186 2638 1211 2679 et
1226 2630 1269 2705 qui
1277 2630 1330 2695 jam
1342 2648 1385 2699 per

235 2700 259 2740 et
271 2692 384 2753 pusillam
402 2692 487 2766 carpit.
523 2693 597 2760 Apud
612 2694 754 2758 Vsrg.AEn.
766 2693 793 2751 ii,
825 2691 1110 2759 segrandioriscarporis
1120 2693 1383 2753 moleemmet,isuou

237 2756 359 2818 thecuae
370 2755 509 2822 simpliciter
517 2757 605 2807 dicitur
607 2758 688 2823 ferus.
825 2765 880 2821 eget
889 2756 1020 2806 cothurnis.

268 2820 374 2868 68-60.
391 2822 492 2884 Accipio,
505 2821 720 2879 itaeat,coucado.
744 2822 790 2869 Ca·
855 2823 896 2871 65.
918 2821 1030 2871 Donassct
1042 2825 1125 2885 jamne
1147 2830 1251 2871 cattam
1275 2822 1311 2871 Es
1333 2836 1384 2875 uoto

234 2894 278 2944 put
288 2892 311 2931 st
321 2894 401 2943 mouet,
410 2886 500 2961 alequi
510 2886 584 2936 instar
592 2885 792 2951 caputconcutit3
823 2884 940 2935 lardus:
978 2886 1061 2934 Schol.
1085 2886 1169 2951 Cruq„
1198 2887 1316 2937 Urtosss'us
1337 2890 1385 2939 laec

238 2956 523 3023 torretautsmetmprtue,
548 2966 604 3001 uem
612 2950 793 3015 equicoucusso
824 2952 888 2999 dicto
909 2958 965 2997 sant
983 2953 1010 2999 in
1027 2952 1182 3007 Sommtum,
1201 2954 1243 3014 qui
1262 2955 1383 3003 servilitas

237 3011 400 3077 capiteeubito
409 3013 509 3063 faciunt.
530 2966 594 3063 ium
601 3014 793 3080 pergitSarmeu-
824 3023 876 3063 erat
891 3015 1104 3071 autoramento
1120 3016 1273 3065 translations
1286 3035 1301 3063 o
1312 3034 1383 3081 geac-

238 3082 285 3133 tus,
302 3076 402 3127 Cumtu
417 3078 452 3126 sic
460 3079 558 3128 mutilus
568 3080 634 3145 (siue
645 3078 734 3141 cornu)
742 3078 794 3144 jam
825 3082 881 3127 rosis
899 3080 988 3141 pueris,
1010 3081 1060 3142 qui,
1082 3082 1252 3143 egressionem
1267 3084 1382 3144 pueritie,

236 3146 332 3198 terrena,
349 3158 374 3198 o,
391 3142 451 3207 quid
468 3142 566 3201 facem,
581 3144 601 3193 si
616 3141 661 3191 tibi
677 3142 703 3192 iu
718 3142 795 3192 fronte
818 3146 872 3205 ‚iam
891 3152 967 3190 sumto
988 3152 1051 3206 toga,
1073 3143 1127 3191 Diis
1145 3146 1268 3206 mantibus
1286 3146 1383 3211 (Schol.

194 3213 200 3219 ·
239 3218 287 3252 uon
306 3214 427 3255 exsectum
444 3216 507 3256 esset
523 3210 615 3257 comui
639 3207 686 3265 vel,
704 3208 730 3257 ui
752 3216 795 3256 tua
826 3207 916 3271 Porph.
942 3206 1059 3269 haam)
1083 3208 1158 3258 hattus
1186 3224 1239 3257 suos
1267 3226 1384 3260 oonoecro-

239 3267 303 3317 lrous
321 3278 385 3320 assat
401 3270 453 3321 eins
469 3274 560 3320 cornu?
576 3272 709 3336 elegantius
730 3270 795 3321 euim
827 3272 891 3327 lons,
902 3282 925 3319 cs
941 3273 1024 3332 psallo
1037 3288 1122 3334 pupas.
1161 3274 1199 3321 Aa
1216 3274 1278 3322 tunc
1293 3278 1385 3325 modun

237 3343 320 3406 muno
339 3352 420 3390 corno,
438 3351 481 3401 pro
499 3336 602 3411 lulss³fl'
625 3337 677 3385 sine
700 3352 791 3385 cornu:
824 3337 922 3384 ridendo
938 3337 1067 3398 interroget
1084 3336 1239 3413 damtuna,
1252 3348 1385 3391 mtsaosans

239 3410 328 3535 ⁸¹⁰sit⁰
338 3398 671 3523 llilffiidl'llisn
688 3478 795 3520 vome„
825 3401 1385 3527 iiilffldiii'iffllm’m

239 3540 311 3590 cujus
330 3538 431 3577 exsecta
447 3528 549 3594 vestigia
565 3528 700 3586 exstabant,
720 3528 794 3593 hiepi·
859 3528 900 3584 66,
909 3528 950 3576 67.
1007 3530 1179 3591 ἀᾳιιοάωειε,
1186 3530 1295 3578 Deterior
1302 3532 1384 3591 attilo,

240 3588 296 3638 dam
315 3592 386 3655 (itti)
406 3592 471 3642 illius
488 3594 589 3643 frontem
611 3608 627 3641 a
647 3592 708 3643 lasa
729 3600 796 3658 parts
828 3600 884 3640 cett.
895 3592 960 3657 quod
970 3591 1049 3640 scriba
1058 3609 1124 3642 nuuc
1133 3602 1197 3643 esset
1205 3592 1283 3659 (apud
1293 3596 1385 3646 Maes-

239 3654 338 3719 turpiter
347 3655 525 3707 deformaverat.
549 3660 590 3715 At,
599 3656 739 3707 insolentius
743 3657 796 3722 jam
829 3662 917 3713 namen,
937 3665 965 3706 ut
978 3656 1094 3719 ridetur),
1111 3656 1136 3705 id
1154 3672 1184 3707 ua
1194 3656 1319 3707 minimum
1331 3660 1386 3725 qui·

240 3721 696 3849 Plsffluttltittltttr
714 3784 787 3835 sno
828 3718 1386 3849 tortuosissimum

241 3848 327 3913 Cruq,
345 3851 386 3898 loc
396 3854 457 3898 sutas
467 3855 533 3914 poesi
547 3868 562 3899 o
576 3861 663 3899 notura
676 3852 798 3913 Campanis
830 3848 902 3907 douc,
916 3850 973 3897 Nilo
985 3850 1024 3899 rel
1039 3850 1121 3898 Nihilo
1134 3853 1243 3907 Mortua
1260 3850 1314 3900 dedi
1330 3868 1386 3903 oum

234 3913 291 3980 sese
308 3916 411 3963 omnibus
428 3918 496 3971 inest,
516 3924 545 3963 ut
563 3918 645 3979 cupitis
662 3918 798 3977 torporibus
831 3913 880 3962 Fea
896 3913 1000 3979 plurium
1018 3914 1089 3964 codd.
1107 3914 1257 3972 auctoritate,
1278 3916 1386 3967 Dnsrias

241 3996 329 4043 magne
339 3996 439 4028 omaro
448 3982 601 4029 innascuntur
611 3982 637 4028 ia
647 3982 737 4027 modum
747 3996 797 4027 ror·
829 3979 911 4027 nihilo.

241 4060 323 4099 nuum,
341 4060 397 4107 pars
414 4060 466 4092 essm
482 4047 555 4093 incidi
561 4043 669 4109 socium,
680 4046 798 4092 cicatrices
870 4043 910 4091 70.
945 4043 1038 4091 eunom
1062 4045 1217 4104 producimus,
1243 4044 1387 4110 peregimus,

241 4106 355 4171 infronte
374 4117 476 4165 morunt,
497 4112 564 4171 quasi
584 4118 642 4157 note
661 4116 798 4156 crudorum
829 4106 1007 4171 transegimua3
1034 4114 1063 4156 ut
1082 4117 1169 4155 noctem
1190 4111 1243 4157 nino
1262 4112 1389 4172 producere

242 4188 362 4221 emonam.
395 4171 426 4220 ln
444 4174 506 4221 hunc
523 4175 702 4237 argomorhum,
719 4174 800 4229 idest,
831 4170 897 4235 apud
909 4171 1019 4221 Martial.
1030 4171 1057 4228 ii,
1075 4173 1115 4229 89,
1133 4174 1163 4220 l:
1180 4173 1212 4222 cl.
1224 4188 1279 4239 sup.
1291 4173 1340 4224 Od.
1352 4174 1387 4235 iii,

235 4234 659 4301 facicioitisrss,joeoturSarsnentsssr
669 4235 801 4285 sidPlatt·
831 4236 873 4290 2l,
885 4236 929 4285 23.

244 4301 294 4349 nesi
305 4301 407 4351 Dissert.
414 4300 444 4351 de
450 4302 536 4350 Morbo
544 4303 677 4367 Campano,
686 4300 758 4350 1780.
770 4301 800 4349 ln
864 4299 905 4348 71,
923 4300 1086 4356 Beneventum,
1095 4300 1210 4366 oppidum
1220 4301 1246 4350 in
1255 4302 1389 4352 Samnitum

236 4365 326 4429 factam
337 4364 448 4415 sedada
461 4374 589 4430 turpatam.
622 4366 740 4415 Pastorem
752 4365 799 4429 ey·
831 4372 856 4413 at
868 4362 1023 4431 Hirpinorum
1032 4364 1129 4413 finibus.

243 4431 316 4492 elops,
333 4446 419 4495 nempe
438 4430 483 4478 Pol
500 4430 621 4496 phemum,
639 4430 800 4494 saltaret(dp·
866 4429 907 4477 72.
933 4430 980 4477 Uti
996 4430 1088 4477 sodulsss
1106 4430 1181 4491 hospes
1200 4430 1276 4486 Pena,
1294 4448 1389 4487 macron

245 4493 375 4558 χὴσαιτο),
397 4493 475 4543 salua
492 4510 507 4542 o
527 4494 682 4561 exprimerem
706 4492 801 4543 saltatio
833 4500 889 4542 cett.
903 4493 996 4558 junge:
1013 4494 1055 4541 ulti
1072 4495 1165 4541 emulso
1180 4496 1329 4555 haspreadum
1340 4513 1389 4543 ms-

243 4557 378 4608 auteurilla
393 4557 571 4623 pantomimica,
600 4574 639 4607 um
655 4558 798 4623 Cyrlopsso-
833 4560 1390 4624 arostardoss'aigneocrsut,paencrrsit,psna

243 4623 350 4681 sabatur,
383 4622 527 4689 expressisse
558 4574 652 4673 videtur
677 4621 799 4679 ridiculas,
833 4621 889 4685 igue
899 4623 1039 4671 combustus
1050 4632 1095 4669 est.

243 4700 305 4751 quas
317 4686 424 4737 vastioris
436 4687 540 4753 corporis
558 4687 722 4753 Polyphemus
736 4688 800 4752 opud
866 4687 907 4741 73,
925 4686 966 4734 74.
980 4686 1041 4733 Noas
1052 4702 1120 4751 ocgo,
1129 4692 1186 4743 cett.
1197 4702 1280 4736 sersus
1293 4687 1390 4753 elegan-
