3659 5892
666 521 897 591 CARMEN
922 526 974 591 10.

408 673 483 739 Nec
499 674 590 740 aidus
606 684 676 741 atra
690 685 785 742 nocte
801 678 939 743 amicum
954 690 1123 765 appareat,

349 777 390 841 10
540 779 618 853 Qua
632 778 735 844 tristis
751 779 857 845 Orion
872 782 979 860 cadit3

410 880 581 956 Quietiora
596 904 657 950 nec
672 881 796 949 feratur
811 906 954 968 aequore,

540 985 650 1058 Quam
665 984 770 1050 Graia
783 986 943 1051 victorum
956 1008 1083 1065 manus,

410 1087 523 1160 Quum
538 1087 647 1153 Pallas
662 1097 737 1153 usto
752 1089 849 1155 vertit
863 1090 945 1153 iram
959 1091 1002 1153 ab
1016 1088 1078 1165 Ilio

536 1189 576 1254 In
591 1190 722 1275 impiam
737 1188 850 1277 Ajacis
866 1202 980 1255 ratem.

349 1290 390 1354 15
412 1291 444 1357 Ο
461 1304 602 1376 quantus
618 1293 717 1357 instat
731 1294 849 1359 navitis
865 1293 967 1359 sudor
982 1295 1059 1371 tuie,

539 1393 684 1480 Tibique
699 1395 804 1479 pallor
817 1395 938 1473 luteum

411 1496 459 1562 Et
474 1497 528 1562 illa
542 1520 609 1562 non
623 1498 723 1562 virilia
739 1498 883 1584 ejulatio,

539 1599 661 1665 Preces
676 1610 711 1665 et
725 1622 874 1665 aversum
889 1601 933 1667 ad
946 1600 1081 1680 ‹Jovem3

409 1700 520 1768 loniue
536 1703 603 1768 udo
618 1725 718 1787 quum
732 1704 919 1789 remugiens
934 1704 1025 1769 ainue

343 1804 389 1868 20
537 1806 631 1871 Noto
645 1808 787 1871 carinam
801 1808 946 1892 ruperit!

411 1908 532 1995 Opima
546 1908 636 1993 quod
652 1910 680 1973 si
693 1908 807 1993 praede
822 1931 922 1974 curro
936 1910 1031 1975 litore

538 2011 698 2077 Porrecta
711 2033 840 2097 mergos
851 2012 996 2097 juveria;

409 2114 623 2179 Libidinoeua
638 2114 856 2179 immolabitur
871 2136 982 2200 caper,

542 2216 589 2281 Et
604 2238 688 2302 agna
702 2215 984 2301 Tempestatibus.

233 2384 282 2449 lige
302 2384 449 2444 Dioecuror;
471 2400 528 2451 sup.
544 2384 577 2441 iv,
597 2386 621 2440 8,
640 2385 681 2441 31,
701 2385 798 2433 Clarum
829 2384 922 2433 Sudor!
950 2384 1004 2432 Nan
1020 2386 1105 2444 virttis,
1120 2384 1186 2433 baud
1199 2384 1275 2434 virum
1293 2385 1390 2445 decena,

235 2450 377 2513 Tyndarida
398 2452 462 2498 sidua
480 2450 508 2497 ub
528 2450 613 2514 infimis
632 2449 732 2503 Quaeras
751 2450 798 2497 eri·
831 2448 963 2499 muliebris.
998 2448 1116 2498 Praeerat
1133 2466 1238 2498 emantur
1254 2453 1286 2498 ud
1302 2452 1389 2509 levem,

232 2516 305 2577 pinet
323 2516 451 2577 aequoribus
467 2523 541 2563 ratae:
566 2514 600 2563 ci.
618 2530 674 2628 sug.
692 2512 709 2573 i,
728 2514 752 2570 3,
772 2514 798 2562 2.
830 2522 855 2563 et
871 2530 963 2579 preces,
974 2514 1062 2626 puibus
1079 2513 1392 2582 lmstraJovisimplorabia

237 2578 291 2632 Qua
308 2581 382 2627 tretis
400 2580 472 2627 Orion
488 2580 560 2636 cudit,
578 2594 626 2645 que
667 2578 740 2627 rionis
756 2593 798 2626 oc·
832 2578 958 2636 auxilium,
996 2594 1044 2627 .e.
1060 2593 1133 2643 quam
1150 2578 1228 2628 irritae
1244 2580 1274 2628 ad
1294 2582 1390 2639 Jovem,

233 2658 306 2691 maus
322 2642 412 2691 uistem
429 2650 593 2709 tempestatem
607 2644 726 2693 concitat:
744 2658 797 2709 sup.
830 2650 854 2693 te
871 2659 919 2693 non
938 2642 1083 2700 audientem,
1099 2658 1182 2708 preces
1196 2642 1287 2708 jacies!
1317 2648 1390 2697 Auer-

233 2706 269 2766 iii,
292 2708 333 2764 27,
359 2710 399 2766 17,
427 2708 470 2757 Sed
492 2710 563 2765 videa,
616 2718 671 2757 unta
699 2710 799 2769 trepidet
830 2724 890 2764 rum,
909 2707 952 2757 tibi
974 2708 1288 2765 irremuneratam
1307 2726 1392 2778 precer

234 2774 341 2821 tumultu
353 2772 446 2821 Pronus
464 2774 550 2821 Oriou:
567 2788 665 2839 c.enp.
681 2772 740 2829 adi,
753 2774 794 2829 28,
827 2780 882 2821 tuer
902 2782 1060 2839 respuentem.
1099 2772 1180 2824 tutu
1196 2774 1243 2822 ude
1262 2792 1333 2839 quum
1352 2794 1389 2825 re.

233 2838 276 2885 21.
305 2836 398 2893 Tristia,
416 2844 443 2886 ut
461 2836 525 2902 apud
545 2838 614 2901 Virg.
628 2837 795 2893 AEn.xi,259
827 2840 932 2902 magiam
947 2840 1011 2887 siout
1024 2837 1084 2885 Nato
1098 2840 1203 2887 carinum
1216 2842 1316 2901 mperit,
1333 2857 1390 2894 cum

233 2904 299 2951 triete
316 2900 427 2951 Minerua
442 2906 515 2959 aidus,
532 2900 563 2951 de
581 2902 642 2951 tristi
657 2909 797 2967 tempestate
828 2917 893 2951 mere
911 2902 1016 2960 lonium,
1029 2900 1088 2951 Noti
1106 2902 1186 2952 sonitu
1197 2910 1222 2951 et
1237 2903 1335 2955 stridore
1352 2922 1389 2955 re.

233 2980 249 3013 a
265 2966 379 3015 Minerva
396 2966 524 3015 concitata.
562 2967 637 3021 Quum
656 2967 732 3015 Graia
749 2969 796 3015 uie·
831 2966 916 3022 bouus,
948 2967 1055 3016 carinam
1085 2965 1189 3031 fregerit,
1216 2982 1259 3032 pro
1286 2970 1390 3035 vulgari,
1444 2998 1453 3015 .

233 3038 309 3079 torum
320 3047 410 3089 πωπω,
422 3031 500 3085 Quum
514 3032 603 3087 Pullus,
615 3040 672 3081 cett.
700 3031 797 3083 Deboc
831 3046 886 3079 cum
899 3031 980 3080 Notus
993 3031 1092 3081 inmari
1108 3032 1178 3081 Ionio
1191 3032 1389 3087 iurenscerinam

233 3094 366 3159 naufragio,
380 3095 472 3145 Graecia
488 3111 502 3143 a
518 3096 629 3145 Minerva
645 3095 796 3153 Careaodre,
831 3094 933 3160 fregerit.
967 3096 1046 3147 luatur
1067 3099 1140 3154 riaeu,
1160 3112 1223 3147 mare
1246 3098 1342 3149 lonium
1364 3100 1390 3151 in

233 3160 264 3209 ab
276 3159 437 3224 AjaceOileo
449 3159 575 3227 intemplo
587 3160 795 3211 Palladirvitiatm
828 3160 896 3209 rinus
916 3170 1051 3219 curvatum,
1071 3170 1099 3209 ut
1120 3165 1185 3213 rinus
1208 3162 1312 3222 caueri,
1334 3180 1389 3231 sup.

233 3240 309 3274 eausa
328 3223 359 3273 ad
376 3233 459 3273 cautes
481 3226 602 3275 Euboicae
623 3226 738 3283 immisto,
759 3226 796 3275 nti
829 3224 845 3282 i,
863 3226 904 3282 33,
923 3227 962 3275 16.
997 3226 1057 3285 Udo,
1073 3226 1207 3293 pluviosam
1224 3236 1388 3303 tempestatem

232 3288 263 3338 ‹le
279 3288 365 3338 ceteris
377 3290 517 3339 Graecorum
529 3304 544 3339 a
554 3290 632 3364 Troja
650 3290 743 3342 excidio
759 3306 796 3342 re·
828 3289 914 3341 ciente.

232 3354 358 3403 denutium
386 3354 451 3411 leur,
477 3362 555 3405 narret
576 3354 706 3405 Dromades
729 3355 794 3423 apud
866 3356 974 3411 tt-at.
998 3355 1081 3417 Opima
1099 3354 1159 3417 quod
1179 3357 1199 3403 ri
1221 3359 1298 3417 preda
1318 3374 1390 3409 cumo

234 3418 305 3482 virg.
324 3420 385 3468 AEn.
402 3418 436 3477 xi,
453 3420 503 3469 260
519 3434 572 3487 sqq.
590 3419 622 3469 cl.
638 3422 699 3474 AEn.
716 3422 733 3479 l,
752 3423 793 3478 39,
827 3420 903 3477 litere,
914 3427 971 3469 cett.
987 3418 1073 3485 quodsi
1089 3428 1169 3472 autem
1180 3432 1266 3485 eorpus
1276 3429 1344 3469 tuum
1362 3422 1388 3473 in

232 3491 257 3533 et
267 3482 302 3532 ibi
315 3483 432 3549 Heyuiur.
827 3482 884 3532 litus
909 3485 1014 3550 ejectum
1035 3492 1060 3531 et
1086 3482 1119 3530 ibi
1147 3494 1280 3549 porrectum
1302 3486 1390 3550 margia

269 3550 373 3598 15-20.
391 3549 523 3612 Operatur
538 3549 613 3598 imtet
624 3552 710 3598 navitis
725 3552 796 3599 ruder
827 3548 908 3615 opima
919 3549 997 3615 prada
1009 3546 1143 3611 eontigerit,
1161 3555 1211 3594 tum
1222 3564 1266 3612 ego
1276 3548 1324 3598 veti
1341 3552 1389 3600 mei

232 3616 289 3669 tuis,
300 3620 357 3663 cett.
384 3612 749 3671 lumertvatitutioueuiloerr,
762 3612 795 3663 rei
826 3612 956 3662 damnatus
980 3627 1079 3677 caprum
1100 3620 1126 3659 et
1146 3626 1234 3675 agnam
1260 3613 1389 3665 immolabo

231 3678 498 3727 futuraeventuaaute
508 3678 718 3738 oculosverretun
731 3679 797 3727 videt
827 3676 1030 3743 Tempestatibus.
1067 3676 1122 3734 Quo
1140 3676 1237 3739 quidem
1256 3688 1311 3727 veto
1328 3679 1390 3733 nihil

232 3750 319 3817 nauta
336 3742 468 3798 laboribus,
482 3742 571 3817 quibus
588 3758 672 3791 navem
689 3743 796 3819 periculo
828 3750 926 3817 apoeta
936 3741 1045 3791 acerbius
1055 3739 1112 3788 addi
1127 3742 1221 3815 potuit,
1237 3744 1389 3795 acerbissime

231 3806 451 3921 titibtttlz'
453 3804 731 3938 iiiiiiffllllli
741 3816 796 3922 :tt
826 3806 1174 3934 ttitttit‘ittdtt
1176 3822 1184 3853 ¹
1192 3820 1263 3921 ..⁰52rp
1264 3824 1299 3939 ii.
1343 3827 1390 3923 'iii

232 3935 380 3985 muliebriter
389 3935 490 4001 ejulare,
503 3946 527 3985 et
541 3936 628 3985 imstra
637 3937 724 3987 Jovem
741 3952 795 4002 pre·
827 3937 906 3985 e'eeta
916 3950 1016 4001 corpora
1032 3944 1148 4009 tanquam
1163 3934 1269 4001 opimam
1284 3938 1390 4004 predam

232 4000 300 4051 cibus
322 4000 436 4065 fatigare3
463 4000 582 4075 conspicit
605 4000 710 4067 (lenique
737 4018 796 4051 eun·
828 3952 926 4066 rieparci
947 4001 1048 4057 soleant,
1069 4016 1121 4074 srva
1142 4000 1208 4112 (prod
1230 4002 1275 4067 ipsi
1298 4004 1389 4053 Mario

231 4064 286 4115 dem
305 4080 361 4115 eum
378 4065 455 4114 fracta
475 4080 530 4115 nau
552 4064 642 4131 periret
679 4066 793 4117 Similiter
825 4068 925 4129 opimum
941 4082 1028 4131 corpur
1044 4066 1123 4115 luerit.
1170 4072 1341 4128 repertoribus:
1358 4068 1389 4120 de

232 4146 288 4196 sup.
304 4130 322 4189 i,
342 4131 381 4186 15,
399 4131 424 4186 9,
439 4130 533 4179 Nereus
548 4130 689 4181 vaticinium
708 4130 738 4181 de
754 4132 792 4181 lu-
825 4130 869 4179 reli
887 4130 937 4179 'oso
956 4131 1123 4193 Temputetum
1143 4130 1221 4189 cultu,
1244 4134 1292 4181 vid.
1316 4133 1388 4184 Cani.

232 4195 293 4245 turis
320 4196 346 4245 in
372 4194 436 4244 belle
462 4194 568 4261 Trojano
598 4195 686 4261 pugnis
711 4196 792 4253 edens,
826 4193 858 4244 ad
871 4146 1045 4260 virgum,
1059 4194 1102 4243 ubi
1121 4195 1215 4244 AEnaas
1247 4214 1328 4263 uoque
1343 4215 1387 4263 ug.

233 4259 316 4310 Eleu!
334 4270 435 4325 quantur
451 4263 521 4323 aquit,
538 4270 639 4325 quantur
656 4262 720 4311 adest
737 4264 795 4311 viria
826 4278 881 4309 uam
893 4260 1071 4322 Tempestatibus
1080 4258 1198 4309 immolari
1206 4262 1236 4327 ju
1267 4270 1285 4313 t.
