3659 5892
908 569 1133 635 EPODON

857 926 1066 994 CARMEN
1090 930 1186 997 XVI.

754 1159 811 1207 AD
833 1160 1034 1209 POPULUM
1058 1160 1291 1211 Romanum.

618 1320 765 1384 narrar
776 1321 845 1406 jam
860 1322 977 1385 teritur
989 1321 1084 1387 bellis
1099 1320 1248 1388 civilibus
1262 1329 1353 1397 artas,

595 1496 598 1501 ¹
661 1421 737 1486 Suis
752 1433 786 1487 et
800 1424 873 1507 ipsa
887 1423 996 1489 Roma
1008 1424 1133 1491 viribus
1147 1425 1233 1489 ruit:

617 1524 726 1597 Quam
741 1548 847 1610 neque
861 1524 991 1591 finitimi
1005 1526 1177 1592 valuerunt
1189 1526 1330 1613 perdere
1347 1523 1466 1601 Marsi,

662 1625 803 1693 Minacis
818 1638 875 1693 aut
890 1628 1035 1694 Etrusca
1049 1628 1206 1695 Porsenae
1219 1650 1347 1705 manus,

563 1730 583 1791 5
618 1728 752 1793 AEmula
766 1751 826 1795 nec
842 1730 945 1795 virtus
960 1730 1096 1816 capua,
1111 1752 1172 1796 nec
1187 1730 1366 1815 Spartacus
1381 1750 1469 1805 acer,

661 1830 832 1916 Novisque
846 1834 948 1897 rebus
962 1830 1297 1911 irrlidelisAllobr013

616 1932 691 1998 Nec
707 1932 776 1999 sera
790 1933 931 1999 caerulea
944 1936 1071 1999 domuit
1086 1934 1265 1999 Germania
1278 1935 1378 2019 pube,

659 2035 923 2121 Parentibusque
937 2038 1141 2102 abominatus
1156 2035 1341 2101 Hannibal:

617 2136 722 2223 Impia
736 2140 911 2223 perdemus
926 2139 1036 2205 devoti
1051 2138 1218 2225 sanguinis
1233 2149 1332 2215 oetas3

556 2240 597 2303 10
661 2238 820 2325 Ferisque
835 2264 949 2305 rursus
964 2242 1180 2327 occupabitur
1194 2240 1308 2305 solum.

603 2374 756 2424 CARMEN
774 2376 849 2427 XVI.
1038 2374 1128 2426 licitate
1144 2376 1190 2425 luri
1207 2374 1303 2424 licebit!
1338 2375 1396 2439 lpse
1412 2374 1518 2439 Jupiter,
1535 2382 1601 2439 post-

479 2438 543 2487 Cum
563 2437 668 2487 nondum
688 2440 771 2489 sevire
791 2440 928 2492 desinerent
943 2441 1010 2491 bella
1039 2456 1113 2505 qnam
1130 2448 1225 2490 etatem
1236 2438 1368 2489 aureamin
1380 2453 1465 2487 aream
1479 2446 1505 2486 et
1514 2437 1603 2487 deinde

445 2502 533 2557 civilia,
548 2502 597 2551 imo
614 2504 681 2552 novis
695 2520 759 2553 nunc
774 2506 947 2571 rempublicam
960 2514 1008 2556 ter-
1040 2505 1066 2553 in
1083 2505 1183 2555 ferream
1200 2504 1311 2561 mutavit,
1324 2502 1378 2552 bec
1398 2502 1501 2552 tirone
1517 2502 1604 2552 retem

445 2576 522 2616 rerent
533 2567 653 2633 periculis,
666 2578 744 2634 poeta,
756 2570 832 2618 minsa
847 2586 902 2636 quse
913 2586 956 2637 per
966 2570 1010 2619 illa
1041 2569 1109 2618 terris
1118 2570 1235 2636 corruptis
1245 2569 1385 2623 roerentu
1394 2568 1442 2632 pira
1452 2566 1518 2642 genti
1527 2566 1603 2617 deru-

445 2630 543 2697 imperio
565 2632 689 2682 immineat
708 2632 851 2697 cogitatione
873 2650 1009 2701 percussus,
1041 2634 1124 2695 narit;
1141 2631 1604 2719 benigitur,opii,secundrsanspieiis

445 2696 564 2761 ejusmodi
586 2698 703 2746 Romanis
722 2697 748 2746 in
768 2698 813 2748 boc
830 2700 936 2750 carmine
950 2716 1007 2775 pro·
1039 2698 1108 2747 robis
1118 2698 1315 2748 adeundasunt'
1357 2698 1425 2755 Quas
1471 2696 1535 2745 idem
1546 2711 1601 2746 sen-

446 2761 513 2826 ponit
529 2762 664 2819 consilium,
681 2762 746 2829 quod
766 2763 797 2812 ad
816 2780 898 2813 eorum
917 2780 1010 2813 ammos
1041 2764 1128 2813 tentiss
1137 2778 1187 2828 qus
1197 2772 1247 2813 arte
1258 2762 1372 2811 Horatius
1384 2776 1441 2827 amp
1451 2762 1457 2773 '
1475 2762 1565 2811 cavent
1578 2769 1605 2811 et

446 2826 608 2889 percellendos
625 2836 649 2875 et
665 2843 681 2876 a
697 2827 774 2878 lurore
791 2829 845 2886 isto,
860 2845 909 2892 quo
926 2839 1010 2878 contra
1040 2828 1199 2885 exornaverit,
1210 2828 1311 2877 lectores
1321 2825 1368 2893 ipsi
1379 2826 1492 2875 sentient.

446 2898 522 2939 semet
537 2891 544 2939 i
562 2906 601 2940 sos
615 2902 695 2949 ruant,
709 2892 848 2942 tremendos
859 2893 953 2959 egregie
967 2910 1008 2943 ac·
1073 2894 1163 2943 1-10.
1174 2895 1255 2941 Altera
1261 2889 1489 2941 atasrsibomiaurn
1498 2898 1603 2949 etatem,

445 2967 524 3003 comm
557 2964 622 3004 atum
641 2964 686 3005 est.
720 2958 811 3007 Suadet
825 2974 910 3025 nempe
926 2958 966 3019 iis,
982 2966 1011 3007 ut
1040 2958 1182 3070 Lamumad
1195 2957 1318 3022 vulgarem
1335 2956 1452 3004 rationem
1468 2955 1605 3021 (rid.quos

446 3018 471 3066 in
493 3034 519 3069 re
541 3020 665 3086 desperata
688 3021 804 3071 Pbocaeos
824 3022 954 3080 imitentur,
975 3031 1008 3080 et,
1064 3022 1123 3071 udat
1142 3022 1237 3071 Albsrt.
1255 3021 1287 3070 ad
1308 3020 1415 3085 Hesycb.
1434 3036 1455 3067 s.
1475 3037 1500 3070 r.
1519 3022 1603 3087 γενεά,

335 3093 344 3106 ·
447 3082 510 3131 sicut
527 3084 572 3142 illi,
590 3085 684 3135 deserta
702 3087 787 3152 patria,
803 3088 923 3151 regionem
941 3096 1009 3138 este·
1040 3088 1072 3135 T.
1082 3087 1101 3162 i,
1112 3103 1137 3153 p.
1149 3088 1206 3144 alt,
1217 3102 1244 3135 n.
1256 3086 1311 3149 lt),
1323 3101 1366 3151 pro
1378 3084 1477 3149 triginta
1485 3100 1603 3134 annornm

448 3162 508 3204 rara,
520 3148 545 3196 in
560 3164 731 3214 quamcunque
747 3152 844 3201 tandem
856 3168 906 3201 sors
916 3168 958 3202 eos
967 3152 1010 3202 ‹le-
1040 3160 1119 3217 spatio
1138 3150 1280 3217 accipimus,
1298 3150 1343 3199 boc
1358 3164 1454 3198 cumen
1471 3158 1560 3206 autern,
1576 3159 1605 3199 ut

448 3212 517 3269 leret,
525 3213 622 3262 adeant.
651 3214 723 3273 Quod
734 3216 831 3280 quidem
842 3217 1010 3283 uteomajore
1041 3216 1116 3281 hujus
1138 3216 1193 3264 libri
1216 3215 1345 3281 septimum
1369 3222 1394 3262 et
1417 3228 1517 3271 nonum,
1539 3230 1604 3263 anno

448 3277 552 3327 melioris
564 3278 664 3328 fortunar
675 3296 718 3354 spe
730 3290 862 3345 sequantur
872 3281 1009 3340 consilium,
1041 3282 1075 3330 U.
1087 3281 1118 3330 C.
1131 3296 1237 3337 nccnr,
1249 3296 1298 3344 quo
1312 3286 1395 3328 contn
1408 3278 1541 3328 Antonium
1550 3279 1604 3328 bel·

448 3340 594 3390 Fortunatas
605 3346 698 3392 Oceam
714 3344 813 3403 insulas,
825 3353 853 3393 ut
868 3345 949 3395 sedern
966 3360 1009 3394 au·
1041 3344 1092 3393 lum
1102 3354 1195 3413 pararet
1205 3342 1361 3399 Octavianus,
1372 3343 1488 3455 scriptum
1498 3358 1551 3392 esse
1561 3359 1603 3409 po·

447 3406 606 3470 spirationem,
618 3406 664 3473 piis
680 3408 798 3457 Romanis
808 3409 939 3459 destinatas
948 3426 1010 3468 esse,
1041 3409 1137 3470 nimus;
1152 3409 1220 3458 bella
1235 3407 1393 3465 cirilminde
1408 3422 1424 3455 a
1450 3422 1514 3456 anno
1526 3409 1561 3458 U.
1572 3408 1604 3458 C.

448 3470 643 3521 comminiscitur.
685 3474 859 3522 Sententiarum
877 3490 954 3523 uerus
974 3484 1012 3524 est
1042 3492 1149 3531 ncnxrr,
1160 3490 1209 3539 quo
1220 3473 1291 3522 Sulla
1301 3481 1384 3521 contra
1393 3472 1501 3520 Marium
1511 3471 1605 3521 bostili-

449 3534 560 3585 lerehic:
578 3535 693 3595 “Roma,
720 3552 775 3586 uam
785 3538 867 3587 nullus
878 3546 1012 3587 exterorum
1043 3547 1079 3587 ter
1099 3538 1266 3595 insurrexerat,
1286 3537 1396 3603 repetita,
1411 3536 1464 3601 jam
1482 3537 1605 3602 qninqua-

448 3598 551 3649 hostium
568 3599 661 3650 vincere
679 3554 764 3660 vluit.
782 3617 824 3668 per
838 3602 904 3652 bella
921 3603 1012 3661 cirilla,
1043 3603 1110 3667 ginta
1123 3612 1148 3653 et
1175 3602 1268 3667 niaque
1278 3616 1354 3651 annos
1363 3602 1389 3651 in
1399 3601 1525 3667 republica
1533 3602 1604 3651 seri-

450 3664 475 3711 in
486 3664 584 3714 alteram
596 3665 648 3730 jam
663 3675 757 3716 etatem
773 3666 961 3733 producta‚suis
975 3668 1011 3734 ip·
1043 3677 1120 3717 erant.
1154 3620 1186 3715 it
1207 3670 1266 3730 ipsa,
1289 3668 1363 3727 αὑτὴ,
1385 3676 1479 3731 sponte,
1500 3675 1528 3714 ut
1549 3682 1604 3715 sex·

450 3728 500 3777 sius
510 3730 636 3779 conficitur
647 3730 752 3781 viribus!
788 3730 867 3781 Roma
878 3732 904 3780 in
921 3732 1013 3782 cineres
1044 3732 1143 3781 centies.
1170 3732 1264 3780 Viribus
1276 3735 1325 3781 suis
1339 3734 1405 3779 ruit:
1420 3746 1475 3796 sup.
1489 3731 1604 3796 Epami,

449 3794 556 3859 collapsa
567 3794 619 3843 solo
630 3796 773 3860 equabitur,
786 3805 811 3846 et
825 3796 900 3846 erutis
911 3796 1012 3846 Romuli
1044 3799 1069 3854 9,
1083 3798 1126 3844 Sed
1141 3806 1179 3853 at,
1196 3798 1321 3845 urendum
1335 3806 1388 3844 sata
1400 3796 1550 3852 Parthorum,
1561 3812 1605 3843 raa

449 3858 544 3907 ossibus
568 3858 709 3910 insolentius
731 3860 858 3910 insultabit
877 3862 1010 3910 barbarus!
1047 3861 1107 3909 Urbs
1118 3862 1165 3909 lea
1174 3863 1259 3925 periret
1270 3863 1371 3909 asnaa.
1406 3859 1515 3908 Finitimi
1524 3862 1605 3908 aulas-

451 3922 570 3980 Fortasse,
589 3922 626 3971 bis
645 3924 715 3973 malis
736 3924 805 3974 nobis
823 3926 1011 3983 imminentibus,
1043 3936 1101 3974 rant
1119 3928 1215 3987 perdere
1238 3926 1328 3973 Marsi:
1352 3924 1491 3988 designatur
1513 3924 1605 3972 bellum

450 3994 492 4034 aut
502 4002 593 4043 omnes,
606 3996 649 4036 aut
663 3996 726 4039 certe
737 3990 821 4039 melior
830 3999 934 4039 vestrum
1003 4026 1011 4047 ,
1043 3990 1176 4039 Marsicum
1192 3990 1243 4038 sire
1258 3988 1404 4045 soeiatedo
1437 4005 1470 4037 no
1485 3988 1535 4037 rid.
1548 4005 1605 4054 sup.

451 4048 481 4098 de
502 4050 633 4123 aalubriore
654 4050 772 4119 dispicitis
790 4054 905 4105 consilio!
941 4006 1012 4104 &ab
1043 4054 1074 4103 ad
1084 4054 1120 4111 iii,
1132 4056 1172 4112 lt,
1186 4056 1226 4104 lb.
1260 4054 1361 4102 Miraris
1374 4064 1416 4101 aut
1452 4063 1530 4101 tmen
1546 4054 1605 4101 Par·

450 4116 577 4163 bammum
599 4124 678 4165 antem
701 4117 764 4167 haud
783 4120 856 4170 dubie
874 4121 921 4170 erit
938 4118 972 4177 id,
991 4120 1012 4169 si
1043 4134 1101 4168 seua
1117 4136 1213 4167 nanas:
1230 4118 1322 4168 bellum
1333 4119 1462 4167 Etruscum
1473 4132 1530 4165 cum
1543 4118 1604 4165 Por-

451 4180 568 4228 Placeas
579 4178 604 4228 in
615 4180 687 4229 simili
698 4198 774 4231 rerum
786 4183 949 4249 desperatione
958 4184 1013 4232 imi·
1045 4198 1103 4232 sena
1119 4184 1216 4233 esLiv.
1231 4183 1258 4239 ii,
1274 4184 1291 4232 9
1308 4184 1367 4231 satis
1383 4190 1476 4231 uotum.
1509 4182 1605 4231 AEraela

450 4242 493 4292 tati
509 4258 601 4301 eamus,
617 4260 761 4313 quocunque
778 4264 821 4297 nos
835 4250 910 4323 perles
926 4248 1009 4305 terent,
1041 4251 1168 4298 aaaairtur
1179 4250 1279 4311 Capua:
1295 4247 1459 4297 landantCic.
1469 4246 1495 4293 in
1505 4248 1534 4295 L.
1545 4248 1606 4311 Agr.

449 4317 474 4357 et
489 4316 575 4357 ventus
591 4308 695 4367 vocabit,
709 4320 742 4369 et,
755 4327 784 4361 ne
802 4328 843 4362 cur
861 4328 968 4380 unquam
984 4313 1011 4361 in
1042 4313 1069 4368 ii,
1087 4314 1128 4371 32,
1148 4314 1250 4377 Mry'orar
1270 4316 1432 4362 mari—rra
1448 4314 1522 4359 saluar
1538 4314 1607 4360 artes

451 4372 494 4421 bas
510 4380 584 4421 terras
599 4372 675 4422 redire
685 4376 747 4425 velle
763 4376 789 4425 in
806 4386 909 4427 menum
922 4376 1011 4433 veniat,
1042 4378 1447 4441 tramissurumcantagim,
1458 4377 1604 4433 Corinthon,

450 4437 625 4487 sanctissimum
642 4437 810 4503 jusjurandum
826 4441 1014 4507 interponamus.
1045 4444 1159 4505 Capuam,
1170 4451 1304 4491 statuerant
1317 4458 1380 4504 passa
1394 4443 1486 4503 imperii
1497 4442 1605 4503 gravita-

450 4502 541 4551 Sumite
549 4502 622 4565 igitur
629 4502 906 4561 animum‚conscendite
915 4522 1009 4563 navem,
1042 4519 1087 4555 ram
1106 4524 1134 4555 aa
1153 4522 1232 4554 aanor
1249 4508 1369 4555 sustinere.
1401 4506 1527 4567 Spartacus
1538 4522 1607 4553 aser:

449 4576 474 4617 et
485 4566 578 4632 (dicam
587 4566 720 4633 vobisque
732 4568 888 4619 fortunatiora
903 4571 957 4619 loca
967 4586 1011 4619 nos
1041 4570 1134 4620 bellum
1146 4570 1240 4625 servile,
1247 4569 1313 4634 qnod
1323 4568 1452 4620 concitavit
1461 4570 1605 4634 Spartacus:

449 4632 575 4695 maneant)
588 4632 673 4681 divites
685 4633 777 4682 insulas
788 4634 874 4700 petite!
910 4634 1010 4684 llicro·
1045 4633 1358 4703 vid.rap.a1iii,1s,1'9.
1390 4636 1511 4682 Attrbrar:
1535 4634 1606 4682 Allo·

451 4698 488 4743 bis
514 4696 620 4744 omnium
650 4712 726 4746 rernm
752 4706 836 4764 sponte
858 4700 1011 4749 affluentibus
1042 4700 1136 4764 bruges,
1153 4700 1243 4750 Galliae
1260 4700 1372 4765 populns,
1385 4697 1500 4748 Rhodani
1517 4714 1532 4746 a
1549 4699 1605 4747 lacu

450 4759 524 4827 capiis
536 4768 559 4809 et
574 4776 667 4809 summu
678 4760 732 4813 vitre
744 4762 870 4815 securitate
887 4772 960 4829 atque
977 4764 1011 4812 le·
1046 4764 1153 4813 lemano
1172 4763 1202 4813 ad
1221 4765 1313 4812 lauram
1331 4780 1408 4829 usque
1428 4762 1527 4822 accola,
1544 4766 1608 4811 naris
