3659 5892
623 480 792 549 LIBER
815 480 844 561 I,
866 480 921 547 28.

331 636 462 703 Occidit
476 647 511 701 et
525 634 661 721 Pelopis
676 635 815 721 genitor,
827 634 963 700 conviva
977 634 1126 711 deorum,

373 737 605 823 Tithonusque
620 748 764 803 remotus
779 738 814 803 in
828 759 937 815 auras,

333 840 380 905 Et
393 839 485 906 «lovis
501 840 629 905 arcanis
644 838 757 905 Minos
772 840 951 906 admissus:
974 838 1162 927 habentque

270 946 312 1009 10
376 942 518 1008 Tartara
533 942 753 1021 Panthoiden,
767 944 886 1009 iterum
899 942 992 1009 Orco

334 1046 544 1126 Demissum;
567 1046 725 1131 quamvis,
740 1045 855 1132 clypeo
869 1044 1017 1131 Trojano
1030 1042 1136 1111 refixo

377 1147 544 1235 Tempora
558 1160 709 1229 testatus,
724 1148 804 1217 nihil
819 1147 904 1213 tdtra

333 1250 465 1317 Nervus
481 1262 580 1336 atque
595 1262 702 1317 cutem
716 1250 822 1317 Morti
836 1261 1042 1317 concesserat
1055 1260 1155 1330 atres

377 1352 498 1420 Judice
513 1366 547 1418 te
561 1376 627 1420 non
642 1353 796 1421 sordidus
811 1362 926 1421 auctor

272 1457 314 1521 15
334 1456 475 1521 Nature
490 1457 634 1541 verique.
680 1456 748 1523 Sed
763 1478 874 1521 omnes
889 1478 955 1521 una
967 1468 1078 1522 manet
1090 1476 1170 1535 nox,

378 1557 426 1622 Et
440 1558 596 1623 calcanda
610 1558 709 1623 semel
724 1559 776 1624 via
789 1556 858 1623 leti.

339 1659 431 1725 Dant
445 1659 525 1725 ahos
540 1658 650 1725 Furiae
665 1671 757 1727 torvo
773 1658 960 1745 spectacula
973 1660 1095 1727 Marti:

382 1760 496 1829 Exitio
509 1774 561 1829 est
575 1764 706 1829 nudum
719 1784 808 1833 mare
822 1764 949 1829 nautia:

238 1914 331 1963 7-10.
347 1912 648 1977 Occiditetl’elopis,cett.
672 1914 768 1981 Archy·
800 1920 853 1963 tur:
872 1914 905 1965 ci.
920 1914 1012 1981 Hygia.
1027 1914 1089 1964 rso.
1102 1914 1161 1964 tto.
1191 1913 1256 1963 loris
1270 1918 1365 1965 amnis

204 1988 242 2028 tas
257 1980 312 2045 jam
330 1984 410 2027 nauta
426 1992 504 2043 usque
520 1977 551 2027 ed
567 1978 682 2029 carminis
697 1980 769 2029 linem
801 1978 877 2029 Minos
893 1981 1015 2030 adnixus.
1048 1979 1140 2037 Minos,
1158 1994 1198 2028 rex
1214 1976 1257 2029 ille
1273 1979 1363 2037 Crete,

204 2042 344 2110 respondet.
377 2041 467 2092 Senam
481 2050 591 2093 etnexus
607 2043 681 2093 hu'ns
696 2044 771 2110 paulo
802 2044 861 2108 quia
879 2043 910 2092 ad
930 2043 1005 2110 leges,
1025 2059 1087 2109 quas
1104 2042 1171 2101 tulit,
1189 2042 1320 2093 amentes
1339 2053 1366 2093 et

205 2104 366 2176 impeditioris
375 2106 423 2155 loci
434 2114 471 2157 est
478 2106 526 2158 lere
535 2107 588 2158 hic:
602 2060 770 2174 Noli,qus›so,
802 2108 953 2173 angustiores
965 2108 1107 2165 reddendas,
1118 2122 1145 2157 se
1154 2105 1223 2159 loris
1235 2109 1365 2166 consortio

206 2190 221 2221 o
232 2181 318 2230 nauta,
329 2171 420 2229 mirari,
431 2172 497 2237 quod
507 2188 552 2238 ego
566 2170 693 2222 occiderim
703 2190 711 2235 ;
728 2188 768 2223 oc·
802 2171 971 2231 familiaritate,
982 2181 1008 2223 et
1020 2172 1127 2223 consiliis
1140 2172 1175 2221 uti
1190 2170 1277 2221 callide
1285 2173 1363 2238 jacta·

205 2238 267 2287 cidit
282 2251 382 2303 quoque
398 2236 525 2295 Tantalus,
542 2236 652 2313 quemvis
672 2238 771 2289 deornm
802 2246 877 2295 verat,
891 2238 954 2287 lonis
972 2241 1064 2288 ments
1081 2237 1131 2303 (sc.
1149 2234 1286 2302 colloquiis,
1305 2252 1363 2286 con·

206 2302 287 2416 epulis
302 2300 421 2350 minusue
430 2310 475 2358 est,
487 2308 511 2349 et
521 2301 650 2360 Tithonus,
662 2302 773 2369 quamvis
804 2302 879 2365 siliis)
897 2304 1008 2353 sanium
1021 2300 1117 2353 dicitnr.
1158 2302 1224 2351 ilinc
1241 2300 1315 2351 illes
1347 2302 1364 2351 d

207 2380 222 2414 a
247 2368 345 2415 Aurora
355 2366 382 2414 in
393 2366 483 2415 coelum
495 2374 578 2433 raptus
589 2374 634 2425 est,
646 2376 671 2417 et
681 2367 773 2425 Minos,
805 2368 905 2417 Homer.
924 2366 1014 2433 Odyss.
1033 2368 1083 2424 ris.
1105 2367 1160 2425 119,
1180 2368 1238 2427 Διὸς
1252 2383 1300 2432 pq
1334 2385 1365 2417 oo

207 2432 321 2495 quamvis
331 2445 386 2479 cum
399 2430 449 2495 ipso
460 2431 476 2480 J
479 2445 523 2478 ove
534 2430 681 2481 familiariter
690 2447 770 2481 veme-
804 2432 922 2499 ὀαρωτνὶς
933 2428 1364 2497 sudit,dequo1’mna.tii,a.tot,

208 2505 249 2544 tus
259 2506 314 2554 est,
331 2495 481 2560 Pythagoras
495 2494 563 2553 adeo,
575 2496 618 2560 qui
631 2496 683 2561 jam
698 2496 772 2547 semel
802 2495 987 2559 βουλεύσασθαι
1002 2496 1017 2548 ri
1077 2501 1128 2547 ron
1144 2497 1229 2561 topos
1244 2495 1289 2545 sis
1304 2496 1365 2547 tm

208 2561 310 2625 Troiani
329 2560 387 2608 belli
406 2560 554 2626 temporibus
573 2562 620 2609 suh
639 2560 773 2627 Euphorbi,
804 2561 916 2613 θιοῦτὸν
927 2561 1011 2612 Μίνω.
1068 2564 1178 2625 abestque
1189 2560 1289 2609 Tartara
1301 2560 1365 2609 Pen-

211 2625 316 2675 Panthoi
342 2624 394 2682 lilii,
416 2639 518 2690 persam
542 2640 568 2675 se
589 2625 677 2675 vixisse
702 2626 773 2675 refixo
806 2628 907 2677 theiden.
940 2626 1061 2693 Archytas
1076 2625 1123 2673 'am
1135 2626 1176 2699 pio
1186 2634 1303 2690 gratoque
1311 2627 1366 2675 aui·

209 2698 280 2739 scuto
290 2696 393 2739 testatus
402 2697 447 2745 est,
460 2691 570 2753 quamvis
579 2696 690 2738 tum-non
702 2690 774 2755 plane
805 2706 845 2738 mo
867 2690 893 2740 in
915 2690 1020 2741 virorum
1040 2640 1242 2739 nohilissrmorum
1266 2704 1366 2739 censum
1393 2700 1397 2707 ·

209 2762 287 2803 morte
302 2754 424 2803 extinctus
437 2761 482 2811 est,
494 2753 552 2818 quia
567 2768 615 2802 non
630 2753 707 2821 ipsam
722 2756 774 2805 ani-
806 2754 876 2805 refert
883 2770 980 2821 quoque
991 2770 1105 2830 magnum
1116 2769 1188 2803 suum
1198 2764 1367 2820 preceptorem

210 2833 285 2875 mam,
308 2819 350 2867 sed
372 2832 455 2867 nemos
482 2827 555 2882 atque
579 2826 658 2868 cutem
681 2827 775 2868 tantum
807 2817 978 2885 Pythagoram,
996 2836 1039 2885 qm
1058 2820 1202 2885 propositam
1218 2818 1249 2867 de
1268 2828 1366 2869 metem-

211 2884 288 2931 Morti
305 2890 463 2940 concesserat,
479 2882 541 2931 h.e.
555 2883 660 2949 corporis
675 2884 775 2933 exuvias
807 2884 919 2949 psychosi
937 2886 987 2933 sive
1003 2884 1138 2933 animarum
1153 2883 1186 2931 mi
1229 2883 1295 2933 tione
1309 2883 1367 2933 doc·

210 2956 306 2997 tantum
325 2948 476 3013 deposuerat,
490 2946 648 3012 Pythagoras,
665 2950 774 3015 inquam,
806 2948 902 3005 trinam,
920 2964 977 2998 cum
995 2963 1043 2997 non
1058 2949 1135 2997 solum
1151 2964 1177 2998 se
1215 2947 1292 3013 mjaai
1309 2948 1368 2999 belli

211 3011 255 3124 quai
266 3012 401 3079 velteipso
397 3010 493 3123 ‘pudice
504 3026 608 3076 magnus
619 3012 775 3080 philosophus
807 3014 953 3077 tenporibus
980 3014 1133 3071 Panthoiden,
1155 3012 1262 3061 Panthei
1281 3012 1367 3070 hlium,

240 3076 268 3133 it,
279 3076 396 3126 iterumn
424 3076 516 3125 Orcum
527 3076 645 3126 demissus
658 3085 702 3127 eat.
736 3078 776 3128 De
808 3077 1054 3144 Euphorbum,fuisse
1065 3076 1368 3142 affirmassetsedidqno·

212 3140 329 3191 monendi
347 3140 490 3191 necessitate
510 3140 628 3207 Archytas
644 3142 777 3209 acquiescit
807 3157 856 3207 que
869 3144 955 3207 clypeo,
965 3158 1039 3207 quem
1054 3157 1080 3191 se
1092 3142 1248 3208 Euphorbum
1264 3152 1370 3207 gestasse

212 3206 239 3254 in
249 3206 346 3263 solatio,
358 3204 424 3270 quod
438 3205 480 3253 alii
490 3221 586 3272 quoqne
596 3206 641 3255 viri
654 3208 777 3257 nobilest
807 3206 895 3265 aiebat,
914 3208 940 3256 in
961 3206 1053 3280 templo
1071 3206 1178 3255 lunonis
1197 3205 1265 3255 haud
1285 3208 1369 3285 procul

213 3270 361 3345 nohiliorum
380 3278 436 3343 aqte
456 3284 481 3318 se
500 3278 646 3345 mortuorum
667 3272 777 3339 exemplo
809 3272 838 3321 M
855 3271 931 3330 cenis,
950 3272 992 3320 ubi
1011 3271 1053 3321 ille
1070 3268 1133 3320 inter
1151 3270 1201 3319 elia
1218 3270 1370 3335 ἀναθηματα

214 3344 344 3447 1*
382 3333 569 3465 tutelli,
585 3336 778 3485 sottus
810 3334 1370 3474 zaratoniensem

216 3466 295 3523 κλῆος
311 3464 373 3531 φύγε
386 3468 470 3531 Κῆρα,
477 3464 577 3531 ’Όσπερ
591 3464 712 3531 udrosos
725 3482 778 3516 sese
810 3466 996 3532 compmbasset,
1007 3480 1052 3515 suo
1066 3464 1143 3531 ipsius
1153 3464 1264 3531 exemplo
1278 3473 1316 3513 sts
1331 3466 1371 3513 dr·

215 3532 256 3577 Διῒ
267 3528 392 3595 Κρονίωνι
400 3530 503 3579 dvnsrs:
522 3528 554 3578 ci.
563 3529 664 3579 eundem
676 3530 719 3579 lib.
729 3531 779 3590 xxi,
810 3530 874 3579 visse
895 3530 998 3579 dicitur:
1015 3528 1066 3579 vid.
1087 3528 1161 3578 Ovid.
1179 3530 1242 3577 Met.
1262 3544 1301 3584 xv,
1323 3530 1371 3579 160

217 3593 284 3654 107;
308 3594 406 3642 Lucret.
423 3592 458 3650 iii,
479 3594 682 3655 toseet10553
710 3595 780 3660 Virg.
811 3610 879 3661 sqq.:
896 3595 930 3643 cl.
939 3594 1048 3660 Interpp.
1059 3592 1091 3643 ad
1102 3594 1197 3643 AElitn.
1208 3595 1239 3643 V.
1249 3594 1284 3641 ll.
1295 3610 1318 3649 v,
1329 3596 1371 3653 26,

220 3660 282 3707 AEn.
295 3658 380 3715 ntae
392 3672 460 3722 sqq.;
477 3666 502 3707 et
512 3658 572 3707 Hor.
583 3657 625 3708 int.
636 3660 663 3716 ii,
678 3660 717 3717 16,
729 3660 779 3720 29;
812 3668 836 3708 et
853 3658 883 3707 ad
902 3659 977 3725 Diog.
988 3660 1069 3708 Laert.
1079 3656 1131 3714 viii,
1150 3660 1174 3708 ⁶.
1207 3658 1295 3707 lterum
1313 3658 1372 3707 Orm

216 3723 253 3779 iv,
269 3724 294 3779 7,
308 3722 347 3771 1³.
381 3722 472 3785 Pelopis
485 3725 586 3787 gerticos,
606 3723 724 3773 Tantalus
739 3740 781 3773 rex
814 3724 950 3780 Demissun,
971 3723 997 3772 h.
1016 3740 1039 3774 c.
1057 3724 1143 3772 iterum
1166 3730 1295 3778 mortuum,
1315 3736 1372 3773 nam

217 3786 316 3852 Lydiae,
335 3787 388 3852 qui,
407 3802 463 3835 eum
488 3796 551 3836 esset
576 3788 781 3853 opulentissimus,
813 3789 896 3845 semel,
916 3796 1016 3837 amatus
1038 3802 1132 3853 nempe,
1151 3803 1208 3836 cum
1229 3787 1374 3899 Eqphorbus

217 3852 225 3899 i
300 3851 359 3900 deos
374 3851 405 3900 ad
420 3851 531 3900 convivia
542 3867 648 3911 vocasse,
660 3863 685 3902 et
699 3855 730 3903 ab
739 3852 781 3902 iis·
813 3860 884 3910 esset,
907 3866 922 3900 a
942 3852 1065 3910 Menelao,
1088 3850 1120 3900 ad
1142 3852 1235 3901 Orcum
1272 3852 1375 3902 emissus

235 3932 275 3965 em
302 3916 408 3965 vicissim
435 3930 517 3965 eorum
544 3918 632 3967 mensis
660 3916 783 3967 adhibitus
814 3926 873 3975 erat,
885 3917 929 3965 ubi
939 3916 1032 3966 tamdiu
1045 3916 1100 3981 ejus
1113 3916 1374 3981 animantiumque

218 3980 295 4030 laima
305 3980 407 4029 dicitur:
425 3981 459 4029 cl.
471 3980 531 4030 Euri
550 4018 555 4028 .
569 3984 649 4032 Orest.
659 3983 675 4031 9
684 3999 691 4040 ς
709 3981 782 4032 Pind.
813 3980 872 4030 dum
883 3982 909 4029 in
919 3996 1008 4031 norum
1018 3995 1105 4047 corpus
1115 3980 1138 4029 ei
1148 3981 1250 4045 migrare
1260 3980 1350 4030 liceret.

219 4045 322 4111 Olymp.
337 4044 416 4105 i,86;
434 4045 508 4095 Ovid.
554 4054 586 4095 et.
601 4047 635 4104 vi,
653 4048 697 4095 173
714 4064 782 4114 sqq.;
848 4046 953 4095 11-16.
973 4048 1097 4101 Quamuis:
1113 4046 1135 4093 si
1151 4044 1300 4110 Pythagoras
1314 4044 1375 4095 nihil

219 4110 278 4159 hinc
295 4112 389 4159 moion
405 4112 508 4158 morum.
543 4110 662 4169 Tithonus,
681 4113 782 4163 Laome·
815 4110 1149 4185 ultranervosatquecutem
1161 4110 1236 4159 Morti
1249 4124 1375 4160 concesse·

220 4174 312 4231 dontis,
324 4174 387 4239 regis
402 4174 511 4239 TroJ'ani,
523 4175 561 4223 vel
573 4176 644 4225 irater
655 4176 693 4225 vel
709 4176 782 4235 filius,
815 4184 860 4232 ret,
873 4176 953 4225 animo
967 4175 1061 4224 scilicet
1073 4173 1208 4240 superstite,
1218 4188 1274 4223 eum
1288 4190 1374 4224 secum

220 4240 252 4288 ob
272 4238 390 4303 insignem
409 4238 514 4305 corporis
532 4240 733 4306 pulchritudinem
752 4243 784 4292 ab
815 4240 874 4289 dum
885 4239 1108 4315 metempsychosim
1117 4240 1205 4289 iterum
1213 4240 1278 4289 Orco
1287 4239 1376 4288 demis·

221 4306 320 4353 ,aurora
334 4302 360 4351 in
376 4321 447 4352 auras
462 4303 559 4368 quidem
571 4316 676 4363 remotus,
687 4305 713 4355 h.
724 4321 746 4355 e.
757 4306 783 4355 iu
816 4318 869 4353 sum
880 4320 941 4362 ease,
952 4320 1039 4353 mirum
1053 4318 1111 4353 sans
1123 4318 1173 4352 non
1186 4312 1239 4364 est,
1254 4314 1377 4370 exspectes

221 4368 315 4418 coelum
337 4376 420 4417 ratus
442 4372 490 4433 (liv
511 4368 631 4449 dos-lpus,
648 4378 676 4418 ut
699 4371 757 4420 Euri
777 4404 784 4419 .
817 4368 890 4435 igitur
911 4384 955 4435 pro
976 4369 1096 4435 particula
1116 4372 1228 4433 quanvis,
1250 4368 1291 4416 cui
1315 4371 1377 4419 ineat

222 4433 312 4482 Troad.
414 4432 530 4499 loquitur,
554 4434 688 4500 τεθριππος
707 4434 752 4485 ἔλα
816 4434 979 4499 impedimenti
998 4432 1104 4507 alicujus
1126 4432 1201 4490 notio,
1220 4433 1302 4489 dmm,
1320 4449 1376 4497 quse

221 4496 785 4628 sustinuissemus·
818 4496 1090 4626 ztttrft‘tlttl
1106 4496 1376 4627 l‘dtffitltt:

224 4628 378 4685 mortalitate,
388 4630 419 4678 ab
427 4600 489 4679 Jov'e
501 4600 656 4685 si’conc'sssa,
665 4628 787 4696 deprecari
819 4631 853 4677 cis
872 4580 1004 4702 scripsisse,
1023 4599 1130 4691 quonism
1151 4630 1187 4685 is,·
1211 4627 1378 4692 unusquisque

226 4694 320 4743 Aurora
333 4693 480 4760 neglexerat,
494 4702 634 4743 consumtus
648 4708 700 4744 esse
717 4694 787 4760 fingi·
819 4693 884 4743 enim
903 4692 978 4751 videt,
1001 4707 1074 4758 quam
1093 4691 1165 4742 facile
1184 4694 1291 4757 qnoniam
1312 4695 1333 4740 u
1352 4692 1378 4741 in
