3659 5892
906 558 1212 628 CARMINUM

739 718 896 796 Ceudam,
911 728 947 782 et
961 716 1143 782 recedentis
1158 714 1304 799 trilingui

783 818 853 884 Ore
869 820 971 905 pedes
985 819 1158 905 tetigitque
1172 840 1279 883 crure.

899 1088 1108 1155 CARMEN
1130 1088 1215 1155 XX.

836 1288 898 1337 AD
944 1286 1280 1337 MAECENATEM.

698 1450 780 1513 Non
797 1449 928 1528 usitate,
943 1471 1011 1513 non
1025 1447 1116 1512 tenui
1130 1446 1217 1510 leret

700 1552 813 1617 Penne
826 1550 974 1616 biformis
989 1547 1222 1634 perliquidum
1236 1545 1359 1611 aethere

742 1657 865 1722 Vates:
889 1675 996 1738 neque
1010 1652 1045 1715 in
1058 1652 1153 1717 terris
1167 1651 1320 1714 morabor

786 1756 955 1842 Longius:
978 1754 1164 1839 invidiaque
1178 1754 1281 1839 major

646 1861 667 1923 5
700 1859 811 1925 Urbes
826 1858 1016 1943 relinquam.
1060 1856 1141 1922 Non
1155 1879 1217 1941 ego
1231 1876 1411 1941 pauperum

699 1962 840 2047 Sanguis
856 1972 1039 2047 parentum,
1054 1981 1120 2023 non
1134 1981 1208 2044 ego,
1223 1980 1320 2043 quem
1333 1977 1442 2032 voces,

742 2064 872 2129 Dilecte
888 2062 1067 2139 Maeeenas,
1082 2062 1193 2139 obibo,

784 2165 859 2230 Nec
876 2165 991 2251 Stygia
1005 2163 1185 2229 cohibebor
1199 2164 1298 2229 unde.

512 2318 620 2369 est-32.
636 2317 769 2381 vulgarem
783 2316 935 2373 senentiam,
948 2323 966 2344 “
975 2314 1040 2371 Tibi,
1074 2312 1190 2363 formatus
1204 2314 1229 2363 in
1240 2314 1322 2364 alitem
1336 2313 1413 2363 enitar
1423 2312 1454 2361 ed
1465 2312 1570 2374 albem
1587 2311 1641 2378 jem

481 2392 508 2431 ut
519 2382 606 2447 insigni
621 2382 675 2439 deo,
688 2380 751 2447 epud
762 2380 850 2429 inlerns
865 2379 925 2429 adeo
940 2394 1043 2445 magnus
1074 2379 1152 2428 sentio
1167 2396 1205 2429 me
1221 2379 1271 2430 lieri
1284 2394 1397 2444 cycnum,
1408 2378 1461 2443 jam
1475 2385 1555 2426 totum
1566 2386 1641 2425 tem-

481 2448 556 2495 bonor
564 2444 702 2502 statuitur,'’
714 2444 808 2510 egregie
819 2443 950 2494 exornavit.
983 2444 1042 2493 Pin·
1074 2460 1128 2492 rum
1141 2445 1233 2502 orbem,
1243 2453 1273 2492 ut
1284 2442 1436 2493 remotissimi
1450 2442 1542 2519 quique
1556 2442 1642 2508 populi

480 2512 515 2575 git
524 2526 618 2577 nempe,
627 2510 766 2563 Cerberum,
773 2509 879 2557 belluam
887 2508 949 2557 alins
959 2508 1043 2557 seris·
1074 2524 1114 2557 me
1124 2515 1234 2566 noscant,
1243 2508 1403 2574 pervolitnb03
1420 2507 1495 2555 nolite
1505 2506 1581 2571 igitur
1591 2523 1641 2562 me,

480 2576 574 2631 simam,
594 2575 686 2623 Bacchi
707 2572 737 2622 ed
756 2573 844 2623 inferos
861 2572 979 2623 venientis
997 2571 1041 2621 ed·
1073 2579 1101 2620 ut
1116 2572 1166 2622 leto
1182 2589 1226 2621 suo
1241 2573 1404 2639 perfunctum,
1419 2572 1458 2622 rel
1473 2572 1543 2619 luctu
1559 2586 1641 2636 perse·

480 2650 564 2705 spectu
583 2639 642 2688 adeo
660 2654 798 2712 percussum
817 2654 878 2696 esse,
896 2647 925 2686 nt
939 2636 1041 2686 eandm
1091 2638 1126 2694 ui,
1146 2638 1184 2686 vel
1203 2653 1266 2687 rano
1285 2653 1311 2686 se
1327 2636 1390 2686 nlcri
1407 2636 1498 2685 bonore
1515 2634 1640 2710 decorare.

480 2704 602 2753 atterendo
612 2711 711 2752 comiter
718 2702 742 2751 ei
752 2700 938 2757 ndblnndiretur,
944 2711 976 2759 et,
983 2717 1040 2750 cum
1073 2652 1137 2749 dium
1148 2718 1239 2767 cycnus
1250 2653 1362 2777 Apoliini
1375 2702 1494 2759 secernit,
1505 2708 1531 2749 et
1541 2700 1575 2749 ob
1584 2717 1641 2765 ejus

479 2768 521 2817 ille
538 2768 593 2817 inde
610 2782 744 2816 recessurus
760 2776 831 2825 esset,
844 2768 916 2832 pedes
932 2775 957 2815 et
972 2782 1042 2815 crura
1072 2775 1171 2815 cantum
1182 2766 1350 2816 suavissimum
1362 2763 1562 2831 (distinguendus
1573 2767 1641 2815 enim

479 2832 532 2897 ejus
542 2831 669 2881 lambendo
680 2848 780 2880 summe
791 2832 928 2880 reverentie
942 2830 1040 2879 amoris·
1072 2840 1109 2880 est
1152 2847 1208 2879 crine
1220 2831 1430 2880 enrononbolore
1440 2840 1512 2886 nuto,
1524 2829 1576 2879 vid.
1588 2838 1641 2879 not.

479 2914 525 2963 que
548 2898 644 2961 signum
664 2896 752 2945 ederet.
786 2895 817 2945 Te
840 2898 907 2953 cidit,
929 2894 1042 2944 nimirum
1074 2894 1105 2942 ed
1162 2896 1181 2945 l.
1198 2897 1265 2961 vett.
1281 2896 1361 2944 Poett.
1377 2912 1402 2961 p.
1418 2895 1482 2956 232)
1498 2894 1546 2960 ipsi

480 2970 540 3018 turn,
562 2977 616 3009 eum
640 2960 754 3009 Bacchus
775 2960 882 3009 Semeles
906 2976 931 3008 re
962 2958 1041 3009 tende
1130 2960 1163 3007 im
1176 2963 1243 3025 cycni
1253 2960 1404 3025 appellentur
1415 2960 1462 3023 (cl.
1472 2974 1555 3023 supa
1582 2960 1601 3017 i,
1613 2961 1640 3018 6,

479 3042 553 3074 causa
567 3025 597 3073 ed
611 3024 698 3074 inferos
708 3024 882 3074 descendisset:
902 3024 927 3073 vi
946 3024 1041 3090 .Apol·
1067 2973 1193 3087 fferre,
1205 3040 1249 3073 cur
1259 3040 1308 3089 pree
1323 3024 1409 3073 ceteris
1424 3022 1524 3072 elitibns
1539 3024 1567 3072 in
1581 3040 1640 3089 cyc-

480 3088 555 3138 lodor.
565 3090 599 3147 iii,
612 3089 636 3145 5,
649 3090 674 3145 ³,
688 3089 778 3163 Hygin.
791 3088 850 3137 Feb.
859 3090 919 3137 251.
952 3087 1042 3145 lmus,
1074 3103 1134 3136 num
1155 3088 1304 3155 potissimum
1326 3088 1415 3138 mutari
1435 3088 1538 3137 voluerit
1558 3098 1640 3155 poete,

477 3152 529 3265 jarp¹
544 3152 656 3229 innoxius
660 3162 693 3265 pt
707 3153 779 3265 mrtlz,
791 3153 833 3217 qui
847 3152 1042 3267 ²¹th
1074 3167 1146 3229 pemo
1165 3168 1215 3202 non
1237 3152 1369 3267 imffigiiii
1392 3154 1509 3203 Ceterum
1521 3154 1642 3267 limitum

480 3234 556 3266 nurse
621 3254 627 3265 .
683 3235 736 3265 urm
777 3234 837 3265 orno
976 3236 984 3263 .·
1073 3232 1106 3264 rm
1148 3234 1164 3265 n
1203 3253 1211 3275 ,
1250 3232 1308 3265 unm
1487 3232 1504 3265 o

480 3234 709 3339 Beccliinddrnibus,
724 3282 823 3345 antiquo
838 3281 881 3329 illo
896 3280 988 3329 roboris
1003 3281 1041 3329 in·
1073 3232 1274 3331 iniraffirmine
1289 3232 1528 3347 mmeffiffim,
1538 3233 1642 3351 ιοριιοιιιι1

479 3346 550 3459 ιιι
563 3345 899 3476 ner
913 3354 939 3458 ει
1073 3346 1503 3474 erim
1525 3424 1551 3458 ..
1571 3410 1639 3459 m..

551 3446 557 3461 ¹
636 3446 642 3459 ·
692 3448 699 3469 r
738 3440 779 3465 Ἠ
816 3446 822 3458 ·
890 3447 897 3469 ι
1034 3444 1041 3459 ·
1123 3438 1152 3448 “·
1173 3446 1180 3461 ·
1455 3447 1463 3468 r
1502 3445 1509 3459 ·

480 3476 557 3525 Sicul.
579 3477 610 3524 T.
633 3474 659 3531 ii,
682 3482 700 3523 t.
725 3476 764 3531 l‘l,
788 3474 883 3540 copiose
910 3473 1043 3539 disputavit
1073 3473 1128 3532 elis,
1146 3475 1261 3540 qualibus
1281 3488 1326 3525 nec
1342 3490 1388 3539 ego
1404 3475 1493 3531 adbuc,
1508 3488 1554 3523 nec
1573 3475 1639 3539 quis-

480 3540 586 3590 Broukh.
603 3538 736 3588 adTibull.
751 3537 777 3595 ii,
792 3540 853 3595 l,3.
886 3538 1041 3595 Aum,bine
1072 3553 1147 3602 quam
1162 3539 1226 3587 alius
1242 3547 1299 3589 ente
1313 3537 1577 3598 meinstructnsluit5
1594 3556 1641 3587 m

480 3605 593 3655 Bacchus
621 3603 782 3670 χρυσόκερως.
827 3604 963 3667 Trilingui:
988 3602 1041 3666 jam
1070 3607 1145 3660 terrui,
1156 3604 1183 3653 b.
1194 3618 1217 3652 e.
1229 3620 1278 3653 non
1293 3603 1340 3652 elis
1354 3604 1464 3660 modicis,
1479 3602 1524 3653 aed
1540 3603 1639 3668 grandi·

480 3670 599 3719 Cerberus
615 3676 651 3717 est
667 3668 763 3733 triceps,
775 3668 915 3733 τριερανής,
927 3665 970 3731 qni
984 3682 1040 3733 sup.
1071 3667 1163 3725 oribus,
1182 3668 1280 3733 cycneis
1301 3684 1396 3738 nempe.
1439 3669 1480 3717 De
1501 3676 1640 3718 commento

479 3732 505 3787 ii,
519 3735 558 3791 1³,
571 3734 602 3781 ot
615 3732 740 3781 dicebatur
750 3734 874 3793 centium
891 3730 935 3781 ubi
945 3730 977 3779 cl.
989 3740 1041 3780 not.
1072 3729 1165 3780 alarum
1180 3748 1227 3781 usu
1242 3732 1344 3797 gloriam
1356 3748 1399 3799 per
1409 3732 1464 3781 loen
1479 3732 1640 3783 remotissime

480 3796 615 3846 Recedentr's
644 3814 682 3845 ore
707 3798 774 3859 Pedes
801 3799 923 3861 tetigitque
949 3812 1040 3843 crura:
1072 3795 1205 3862 dissipandi
1214 3797 1640 3863 commodesffernnttocnn'lbeng.

478 3860 557 3923 imago
576 3860 730 3911 suavissima!
767 3862 895 3917 Cerberus,
916 3860 959 3925 qui
980 3858 1040 3909 elias
1071 3860 1130 3919 281,
1157 3862 1202 3911 Σοὶ
1227 3862 1275 3926 ptr
1303 3859 1352 3928 lyei
1379 3861 1449 3927 πέρ’
1476 3862 1566 3918 ἔδωκα,
1591 3864 1640 3913 σὺν

477 3940 507 3973 cx
517 3928 581 3975 Orco
591 3940 724 3974 recessuros
733 3922 857 3973 devorasse
868 3926 899 3973 lin
918 3924 1039 3987 'tur(lle·
1072 3924 1109 3982 οἷς
1124 3924 1164 3974 ἐπ’
1179 3926 1304 3992 ἀπείρονα
1320 3927 1419 3977 πόντον
1435 3926 1555 3993 norm,
1574 3928 1639 3977 sard

478 3988 538 4037 eiod.
554 3991 647 4053 l’beog.
663 3990 735 4051 ttl),
753 4003 817 4038 nunc
836 3990 901 4039 Beec
920 4004 961 4038 nm
984 3988 1040 4038 inde
1072 3991 1123 4054 γῆν
1140 3989 1231 4041 πᾶσαν
1243 3991 1384 4057 ἀειρόμενος
1392 3990 1516 4052 Ῥηϊδίως,
1531 3993 1639 4042 nobb-*m

478 4054 626 4103 recedentem
640 4054 731 4102 lambit.
1071 4054 1183 4129 κείμενος
1193 4054 1346 4121 iuniperi.
1373 4056 1637 4121 Bisormisrntereego,

1070 4132 1121 4173 em,
1137 4128 1166 4167 ut
1180 4128 1266 4185 poete,
1277 4120 1343 4169 bine
1359 4120 1451 4177 forme,
1466 4128 1517 4168 tam
1533 4120 1638 4171 bominis

644 4180 796 4230 CARMEN
815 4180 872 4229 xx.
903 4204 906 4209 ·
1072 4198 1146 4247 qnam
1164 4184 1244 4249 cycni,
1261 4200 1381 4234 concessae
1399 4194 1466 4233 sunt.
1499 4184 1639 4249 invidiaque

511 4245 674 4294 Immortalem
697 4244 800 4294 nominis
822 4244 860 4293 sui
878 4245 978 4308 gloriam
998 4247 1041 4309 (ut
1072 4251 1155 4310 major,
1171 4256 1197 4297 et
1212 4248 1303 4314 majore
1336 4249 1396 4299 lorin
1411 4250 1499 4306 datur,
1516 4265 1593 4313 quem
1611 4259 1639 4298 nt

479 4310 520 4361 alii
540 4319 624 4385 poetae,
643 4326 667 4357 v.
688 4326 710 4358 c.
731 4308 834 4383 Ovidius
853 4310 937 4358 Amor.
956 4310 974 4367 i,
994 4312 1039 4367 15)
1073 4310 1174 4361 invideri
1189 4312 1249 4361 mibi
1264 4266 1370 4380 amplius
1383 4313 1477 4380 possit5
1494 4313 1560 4361 ultra
1575 4314 1637 4363 inri-

477 4374 962 4424 vaticrnaturinboecermrnelloratius.
990 4376 1037 4423 Or·
1069 4375 1135 4424 diem
1151 4376 1238 4426 elatus.
1272 4378 1381 4443 Nenego
1394 4395 1525 4452 pauperum
1534 4379 1639 4441 Sanguis

477 4450 560 4489 netum
583 4449 664 4489 autem
687 4438 717 4487 ed
739 4438 860 4501 vulgarem
885 4438 1037 4497 sententiam,
1068 4452 1210 4502 parentum:
1238 4460 1287 4492 non
1309 4459 1362 4507 ego,
1402 4443 1465 4490 uelis
1487 4458 1552 4490 nunc
1572 4458 1636 4502 sum,

478 4507 583 4555 Nominis
605 4509 648 4554 mei
668 4505 745 4569 gloria
766 4520 807 4566 per
827 4512 900 4550 totum
921 4514 1038 4551 terrarum
1103 4521 1203 4570 operum
1224 4516 1351 4572 parentum
1371 4460 1453 4565 biron
1482 4515 1550 4571 patre
1571 4506 1636 4555 enim

476 4574 551 4619 orbem
567 4588 652 4633 seraper
663 4570 825 4623 celebrabitur,
841 4566 994 4623 efferendam,
1006 4570 1038 4617 ab
1080 4569 1182 4619 ibertino
1197 4586 1258 4619 usus
1270 4581 1309 4621 est
1324 4571 1455 4620 Horatius:
1472 4571 1505 4619 el.
1516 4570 1573 4635 ejus
1587 4571 1638 4621 vn.

477 4636 571 4698 egregie
586 4635 611 4684 in
630 4635 691 4683 hene
709 4648 757 4705 rem
775 4632 829 4705 ficta
848 4630 952 4703 imegine
968 4631 1036 4695 petit.
1069 4648 1108 4699 ep.
1120 4636 1188 4683 Suet.
1221 4636 1331 4700 Sanguis,
1344 4636 1374 4685 de
1387 4636 1454 4701 prole
1466 4642 1493 4684 et
1506 4637 1637 4700 propagine

478 4702 534 4748 Non
546 4699 658 4764 amplius,
670 4706 742 4754 comt,
754 4697 778 4746 in
789 4698 826 4744 lus
838 4704 905 4744 terne
920 4696 1036 4753 morabor,
1069 4698 1173 4763 passim:
1195 4700 1263 4765 l'irg.
1279 4703 1338 4749 AEn.
1354 4700 1386 4757 vi,
1403 4700 1461 4754 836,
1481 4700 1574 4761 Pnjice
1590 4703 1635 4749 tela

478 4780 530 4821 nec,
546 4774 571 4812 ut
588 4763 658 4812 ceteri
676 4762 794 4818 mortales,
807 4762 887 4818 obibo,
900 4761 942 4809 sed
959 4768 1035 4810 trans·
1070 4782 1149 4821 mmm,
1165 4769 1259 4829 sangnis
1276 4782 1351 4825 menr5
1370 4766 1411 4814 ubi
1424 4763 1472 4813 vid.
1486 4764 1585 4813 Cerda:
1603 4766 1637 4814 cl.
