<?xml version="1.0" encoding="UTF-8"?>
<!DOCTYPE html PUBLIC "-//W3C//DTD XHTML 1.0 Transitional//EN"
    "http://www.w3.org/TR/xhtml1/DTD/xhtml1-transitional.dtd">
<html xmlns="http://www.w3.org/1999/xhtml" xml:lang="en" lang="en">
 <head>
  <title>
</title>
<meta http-equiv="Content-Type" content="text/html;charset=utf-8" />
  <meta name='ocr-system' content='tesseract 3.04.00' />
  <meta name='ocr-capabilities' content='ocr_page ocr_carea ocr_par ocr_line ocrx_word'/>
</head>
<body>
  <div class='ocr_page' id='page_1' title='image "./qhoratiiflaccio01drgoog_0495.png"; bbox 0 0 3659 5892; ppageno 0'>
   <div class='ocr_carea' id='block_1_1' title="bbox 636 542 1346 624">
    <p class='ocr_par' dir='ltr' id='par_1_1' title="bbox 636 542 1346 624">
     <span class='ocr_line' id='line_1_1' title="bbox 636 542 1346 624; baseline 0.01 -16"><span class='ocrx_word' id='word_1_1' title='bbox 636 542 805 609; x_wconf 89' lang='lat' dir='ltr'><strong>LIBER</strong></span> <span class='ocrx_word' id='word_1_2' title='bbox 826 543 855 624; x_wconf 92' lang='lat' dir='ltr'><strong>I,</strong></span> <span class='ocrx_word' id='word_1_3' title='bbox 874 546 906 609; x_wconf 89' lang='lat'><strong>6.</strong></span> <span class='ocrx_word' id='word_1_4' title='bbox 1208 554 1214 565; x_wconf 89' lang='lat'>&#39;</span> <span class='ocrx_word' id='word_1_5' title='bbox 1281 548 1346 615; x_wconf 65' lang='lat'><strong>463</strong></span> 
     </span>
    </p>
   </div>
   <div class='ocr_carea' id='block_1_2' title="bbox 215 693 1331 2095">
    <p class='ocr_par' dir='ltr' id='par_1_2' title="bbox 215 693 1331 2095">
     <span class='ocr_line' id='line_1_2' title="bbox 216 693 1179 781; baseline 0.005 -23"><span class='ocrx_word' id='word_1_6' title='bbox 216 693 260 757; x_wconf 78' lang='lat'><strong>40</strong></span> <span class='ocrx_word' id='word_1_7' title='bbox 282 694 336 759; x_wconf 94' lang='lat' dir='ltr'><strong>Ne</strong></span> <span class='ocrx_word' id='word_1_8' title='bbox 350 693 450 759; x_wconf 81' lang='lat' dir='ltr'><strong>fueris</strong></span> <span class='ocrx_word' id='word_1_9' title='bbox 467 694 521 760; x_wconf 92' lang='lat' dir='ltr'><strong>hic</strong></span> <span class='ocrx_word' id='word_1_10' title='bbox 537 706 583 761; x_wconf 91' lang='lat' dir='ltr'><strong>tu.</strong></span> <span class='ocrx_word' id='word_1_11' title='bbox 630 697 827 781; x_wconf 81' lang='lat' dir='ltr'>chlamydes</span> <span class='ocrx_word' id='word_1_12' title='bbox 842 694 1013 773; x_wconf 87' lang='lat' dir='ltr'><strong>Lucullus,</strong></span> <span class='ocrx_word' id='word_1_13' title='bbox 1029 705 1065 761; x_wconf 90' lang='lat' dir='ltr'><strong>ut</strong></span> <span class='ocrx_word' id='word_1_14' title='bbox 1078 696 1179 776; x_wconf 90' lang='lat' dir='ltr'><strong>aiunt,</strong></span> 
     </span>
     <span class='ocr_line' id='line_1_3' title="bbox 282 795 1032 883; baseline 0.005 -24"><span class='ocrx_word' id='word_1_15' title='bbox 282 795 318 859; x_wconf 92' lang='lat' dir='ltr'><strong>Si</strong></span> <span class='ocrx_word' id='word_1_16' title='bbox 333 806 446 880; x_wconf 86' lang='lat' dir='ltr'><strong>posset</strong></span> <span class='ocrx_word' id='word_1_17' title='bbox 457 807 587 861; x_wconf 89' lang='lat' dir='ltr'><strong>centum</strong></span> <span class='ocrx_word' id='word_1_18' title='bbox 602 821 708 863; x_wconf 84' lang='lat' dir='ltr'><strong>scenae</strong></span> <span class='ocrx_word' id='word_1_19' title='bbox 723 800 872 883; x_wconf 74' lang='lat' dir='ltr'><strong>praebere</strong></span> <span class='ocrx_word' id='word_1_20' title='bbox 886 808 1032 883; x_wconf 85' lang='lat' dir='ltr'><strong>rogatus,</strong></span> 
     </span>
     <span class='ocr_line' id='line_1_4' title="bbox 282 895 1331 987; baseline 0.006 -27"><span class='ocrx_word' id='word_1_21' title='bbox 282 895 352 970; x_wconf 85' lang='lat' dir='ltr'><strong>Qui</strong></span> <span class='ocrx_word' id='word_1_22' title='bbox 363 920 499 981; x_wconf 88' lang='lat' dir='ltr'><strong>possum</strong></span> <span class='ocrx_word' id='word_1_23' title='bbox 512 902 582 963; x_wconf 75' lang='lat' dir='ltr'><strong>tot?</strong></span> <span class='ocrx_word' id='word_1_24' title='bbox 605 902 669 977; x_wconf 80' lang='lat' dir='ltr'><strong>ait3</strong></span> <span class='ocrx_word' id='word_1_25' title='bbox 693 910 801 965; x_wconf 81' lang='lat' dir='ltr'><strong>temen</strong></span> <span class='ocrx_word' id='word_1_26' title='bbox 815 911 850 965; x_wconf 89' lang='lat' dir='ltr'><strong>et</strong></span> <span class='ocrx_word' id='word_1_27' title='bbox 863 923 1019 984; x_wconf 85' lang='lat' dir='ltr'><strong>quaerem,</strong></span> <span class='ocrx_word' id='word_1_28' title='bbox 1035 912 1080 979; x_wconf 90' lang='lat' dir='ltr'><strong>et,</strong></span> <span class='ocrx_word' id='word_1_29' title='bbox 1095 911 1176 987; x_wconf 87' lang='lat' dir='ltr'><strong>quot</strong></span> <span class='ocrx_word' id='word_1_30' title='bbox 1189 900 1331 979; x_wconf 86' lang='lat' dir='ltr'><strong>habebo,</strong></span> 
     </span>
     <span class='ocr_line' id='line_1_5' title="bbox 282 998 1134 1088; baseline 0.008 -27"><span class='ocrx_word' id='word_1_31' title='bbox 282 998 431 1063; x_wconf 88' lang='lat' dir='ltr'><strong>Mittam:</strong></span> <span class='ocrx_word' id='word_1_32' title='bbox 454 1011 531 1085; x_wconf 90' lang='lat' dir='ltr'><strong>post</strong></span> <span class='ocrx_word' id='word_1_33' title='bbox 545 1001 644 1086; x_wconf 81' lang='lat' dir='ltr'><strong>paulo</strong></span> <span class='ocrx_word' id='word_1_34' title='bbox 659 1001 784 1078; x_wconf 83' lang='lat' dir='ltr'><strong>scribit,</strong></span> <span class='ocrx_word' id='word_1_35' title='bbox 799 1002 864 1065; x_wconf 89' lang='lat' dir='ltr'><strong>sibi</strong></span> <span class='ocrx_word' id='word_1_36' title='bbox 876 1002 975 1067; x_wconf 85' lang='lat' dir='ltr'><strong>millia</strong></span> <span class='ocrx_word' id='word_1_37' title='bbox 991 1004 1134 1088; x_wconf 86' lang='lat' dir='ltr'><strong>quinque</strong></span> 
     </span>
     <span class='ocr_line' id='line_1_6' title="bbox 281 1100 1215 1187; baseline 0.004 -23"><span class='ocrx_word' id='word_1_38' title='bbox 281 1100 368 1165; x_wconf 88' lang='lat' dir='ltr'><strong>Esse</strong></span> <span class='ocrx_word' id='word_1_39' title='bbox 383 1102 470 1165; x_wconf 90' lang='lat' dir='ltr'><strong>domi</strong></span> <span class='ocrx_word' id='word_1_40' title='bbox 486 1100 691 1187; x_wconf 85' lang='lat' dir='ltr'><strong>chlamydum</strong></span> <span class='ocrx_word' id='word_1_41' title='bbox 703 1127 712 1181; x_wconf 88' lang='lat'><strong>;</strong></span> <span class='ocrx_word' id='word_1_42' title='bbox 735 1111 872 1187; x_wconf 84' lang='lat' dir='ltr'><strong>purtem,</strong></span> <span class='ocrx_word' id='word_1_43' title='bbox 884 1102 936 1166; x_wconf 85' lang='lat' dir='ltr'><strong>vel</strong></span> <span class='ocrx_word' id='word_1_44' title='bbox 950 1102 1080 1167; x_wconf 85' lang='lat' dir='ltr'><strong>tolleret</strong></span> <span class='ocrx_word' id='word_1_45' title='bbox 1094 1126 1215 1170; x_wconf 86' lang='lat' dir='ltr'><strong>omnes.</strong></span> 
     </span>
     <span class='ocr_line' id='line_1_7' title="bbox 215 1200 1114 1288; baseline 0.004 -23"><span class='ocrx_word' id='word_1_46' title='bbox 215 1202 259 1265; x_wconf 78' lang='lat'><strong>45</strong></span> <span class='ocrx_word' id='word_1_47' title='bbox 282 1200 388 1266; x_wconf 86' lang='lat' dir='ltr'><strong>Exilis</strong></span> <span class='ocrx_word' id='word_1_48' title='bbox 402 1201 518 1267; x_wconf 87' lang='lat' dir='ltr'><strong>domus</strong></span> <span class='ocrx_word' id='word_1_49' title='bbox 532 1213 594 1281; x_wconf 90' lang='lat' dir='ltr'><strong>est,</strong></span> <span class='ocrx_word' id='word_1_50' title='bbox 609 1204 669 1268; x_wconf 93' lang='lat' dir='ltr'><strong>ubi</strong></span> <span class='ocrx_word' id='word_1_51' title='bbox 682 1226 749 1268; x_wconf 90' lang='lat' dir='ltr'><strong>non</strong></span> <span class='ocrx_word' id='word_1_52' title='bbox 762 1214 796 1267; x_wconf 91' lang='lat' dir='ltr'><strong>et</strong></span> <span class='ocrx_word' id='word_1_53' title='bbox 810 1204 912 1267; x_wconf 89' lang='lat' dir='ltr'><strong>multa</strong></span> <span class='ocrx_word' id='word_1_54' title='bbox 927 1217 1114 1288; x_wconf 86' lang='lat' dir='ltr'>supersunt,</span> 
     </span>
     <span class='ocr_line' id='line_1_8' title="bbox 281 1303 1156 1392; baseline 0.008 -26"><span class='ocrx_word' id='word_1_55' title='bbox 281 1303 329 1366; x_wconf 92' lang='lat' dir='ltr'><strong>Et</strong></span> <span class='ocrx_word' id='word_1_56' title='bbox 344 1304 509 1369; x_wconf 91' lang='lat' dir='ltr'><strong>dominum</strong></span> <span class='ocrx_word' id='word_1_57' title='bbox 524 1303 650 1381; x_wconf 81' lang='lat' dir='ltr'><strong>fallunt,</strong></span> <span class='ocrx_word' id='word_1_58' title='bbox 665 1314 700 1368; x_wconf 93' lang='lat' dir='ltr'><strong>et</strong></span> <span class='ocrx_word' id='word_1_59' title='bbox 713 1315 852 1388; x_wconf 85' lang='lat' dir='ltr'><strong>prosunt</strong></span> <span class='ocrx_word' id='word_1_60' title='bbox 867 1304 1005 1370; x_wconf 86' lang='lat' dir='ltr'><strong>furibus.</strong></span> <span class='ocrx_word' id='word_1_61' title='bbox 1052 1307 1156 1392; x_wconf 83' lang='lat' dir='ltr'><strong>Ergo,</strong></span> 
     </span>
     <span class='ocr_line' id='line_1_9' title="bbox 282 1404 1071 1490; baseline 0.004 -22"><span class='ocrx_word' id='word_1_62' title='bbox 282 1404 386 1469; x_wconf 87' lang='lat' dir='ltr'><strong>Sires</strong></span> <span class='ocrx_word' id='word_1_63' title='bbox 402 1405 471 1469; x_wconf 86' lang='lat' dir='ltr'><strong>sola</strong></span> <span class='ocrx_word' id='word_1_64' title='bbox 485 1415 596 1490; x_wconf 88' lang='lat' dir='ltr'><strong>potest</strong></span> <span class='ocrx_word' id='word_1_65' title='bbox 610 1404 718 1471; x_wconf 86' lang='lat' dir='ltr'><strong>facere</strong></span> <span class='ocrx_word' id='word_1_66' title='bbox 734 1415 767 1471; x_wconf 91' lang='lat' dir='ltr'><strong>et</strong></span> <span class='ocrx_word' id='word_1_67' title='bbox 782 1426 913 1471; x_wconf 85' lang='lat' dir='ltr'><strong>servare</strong></span> <span class='ocrx_word' id='word_1_68' title='bbox 928 1408 1071 1485; x_wconf 90' lang='lat' dir='ltr'><strong>beatum,</strong></span> 
     </span>
     <span class='ocr_line' id='line_1_10' title="bbox 282 1504 1183 1591; baseline 0.003 -21"><span class='ocrx_word' id='word_1_69' title='bbox 282 1505 359 1571; x_wconf 90' lang='lat' dir='ltr'><strong>Hoc</strong></span> <span class='ocrx_word' id='word_1_70' title='bbox 372 1508 496 1591; x_wconf 85' lang='lat' dir='ltr'><strong>primus</strong></span> <span class='ocrx_word' id='word_1_71' title='bbox 511 1516 641 1591; x_wconf 82' lang='lat' dir='ltr'>repetas</span> <span class='ocrx_word' id='word_1_72' title='bbox 655 1528 751 1590; x_wconf 90' lang='lat' dir='ltr'><strong>opus,</strong></span> <span class='ocrx_word' id='word_1_73' title='bbox 766 1504 830 1571; x_wconf 88' lang='lat' dir='ltr'><strong>hoc</strong></span> <span class='ocrx_word' id='word_1_74' title='bbox 843 1516 1028 1591; x_wconf 87' lang='lat' dir='ltr'><strong>postremus</strong></span> <span class='ocrx_word' id='word_1_75' title='bbox 1043 1509 1183 1573; x_wconf 71' lang='lat' dir='ltr'><strong>onfittas</strong></span> 
     </span>
     <span class='ocr_line' id='line_1_11' title="bbox 282 1605 1008 1692; baseline 0.003 -22"><span class='ocrx_word' id='word_1_76' title='bbox 282 1606 320 1670; x_wconf 88' lang='lat' dir='ltr'><strong>Si</strong></span> <span class='ocrx_word' id='word_1_77' title='bbox 334 1605 534 1673; x_wconf 83' lang='lat' dir='ltr'><strong>fortunatum</strong></span> <span class='ocrx_word' id='word_1_78' title='bbox 549 1608 674 1692; x_wconf 88' lang='lat' dir='ltr'><strong>species</strong></span> <span class='ocrx_word' id='word_1_79' title='bbox 689 1617 723 1672; x_wconf 89' lang='lat' dir='ltr'><strong>et</strong></span> <span class='ocrx_word' id='word_1_80' title='bbox 736 1608 843 1691; x_wconf 82' lang='lat' dir='ltr'><strong>gratia</strong></span> <span class='ocrx_word' id='word_1_81' title='bbox 855 1617 1008 1692; x_wconf 81' lang='lat' dir='ltr'><strong>praestat3</strong></span> 
     </span>
     <span class='ocr_line' id='line_1_12' title="bbox 218 1706 1096 1793; baseline 0.002 -21"><span class='ocrx_word' id='word_1_82' title='bbox 218 1708 262 1772; x_wconf 82' lang='lat'><strong>50</strong></span> <span class='ocrx_word' id='word_1_83' title='bbox 283 1706 470 1775; x_wconf 88' lang='lat' dir='ltr'><strong>Mercemur</strong></span> <span class='ocrx_word' id='word_1_84' title='bbox 485 1732 624 1786; x_wconf 84' lang='lat' dir='ltr'><strong>servum,</strong></span> <span class='ocrx_word' id='word_1_85' title='bbox 640 1708 696 1793; x_wconf 91' lang='lat' dir='ltr'><strong>qui</strong></span> <span class='ocrx_word' id='word_1_86' title='bbox 712 1708 814 1773; x_wconf 86' lang='lat' dir='ltr'><strong>dictet</strong></span> <span class='ocrx_word' id='word_1_87' title='bbox 826 1710 966 1788; x_wconf 87' lang='lat' dir='ltr'><strong>nomina,</strong></span> <span class='ocrx_word' id='word_1_88' title='bbox 980 1710 1096 1775; x_wconf 85' lang='lat' dir='ltr'><strong>laevum</strong></span> 
     </span>
     <span class='ocr_line' id='line_1_13' title="bbox 283 1809 1187 1895; baseline 0.006 -22"><span class='ocrx_word' id='word_1_89' title='bbox 283 1810 352 1883; x_wconf 84' lang='lat' dir='ltr'><strong>Qui</strong></span> <span class='ocrx_word' id='word_1_90' title='bbox 365 1809 487 1876; x_wconf 81' lang='lat' dir='ltr'><strong>fodicet</strong></span> <span class='ocrx_word' id='word_1_91' title='bbox 499 1810 598 1887; x_wconf 86' lang='lat' dir='ltr'><strong>latus,</strong></span> <span class='ocrx_word' id='word_1_92' title='bbox 614 1820 648 1875; x_wconf 89' lang='lat' dir='ltr'><strong>et</strong></span> <span class='ocrx_word' id='word_1_93' title='bbox 662 1818 759 1893; x_wconf 85' lang='lat' dir='ltr'><strong>coget</strong></span> <span class='ocrx_word' id='word_1_94' title='bbox 774 1818 863 1875; x_wconf 86' lang='lat' dir='ltr'><strong>trans</strong></span> <span class='ocrx_word' id='word_1_95' title='bbox 876 1809 1024 1895; x_wconf 87' lang='lat' dir='ltr'><strong>pondere</strong></span> <span class='ocrx_word' id='word_1_96' title='bbox 1038 1813 1187 1877; x_wconf 83' lang='lat' dir='ltr'><strong>dextram</strong></span> 
     </span>
     <span class='ocr_line' id='line_1_14' title="bbox 284 1909 1215 1997; baseline 0.005 -22"><span class='ocrx_word' id='word_1_97' title='bbox 284 1910 474 1997; x_wconf 81' lang='lat' dir='ltr'><strong>Porrigere:</strong></span> <span class='ocrx_word' id='word_1_98' title='bbox 498 1911 566 1976; x_wconf 91' lang='lat' dir='ltr'><strong>Hic</strong></span> <span class='ocrx_word' id='word_1_99' title='bbox 579 1910 716 1975; x_wconf 91' lang='lat' dir='ltr'><strong>multum</strong></span> <span class='ocrx_word' id='word_1_100' title='bbox 731 1910 765 1974; x_wconf 88' lang='lat' dir='ltr'><strong>in</strong></span> <span class='ocrx_word' id='word_1_101' title='bbox 779 1909 884 1975; x_wconf 85' lang='lat' dir='ltr'><strong>Fabia</strong></span> <span class='ocrx_word' id='word_1_102' title='bbox 896 1909 994 1989; x_wconf 82' lang='lat' dir='ltr'><strong>velet,</strong></span> <span class='ocrx_word' id='word_1_103' title='bbox 1010 1912 1062 1978; x_wconf 91' lang='lat' dir='ltr'><strong>ille</strong></span> <span class='ocrx_word' id='word_1_104' title='bbox 1077 1914 1215 1993; x_wconf 82' lang='lat' dir='ltr'><strong>Velina3</strong></span> 
     </span>
     <span class='ocr_line' id='line_1_15' title="bbox 284 2011 1070 2095; baseline 0 -18"><span class='ocrx_word' id='word_1_105' title='bbox 284 2012 347 2077; x_wconf 87' lang='lat' dir='ltr'><strong>cui</strong></span> <span class='ocrx_word' id='word_1_106' title='bbox 359 2013 452 2089; x_wconf 90' lang='lat' dir='ltr'><strong>libet,</strong></span> <span class='ocrx_word' id='word_1_107' title='bbox 467 2013 495 2075; x_wconf 89' lang='lat' dir='ltr'><strong>is</strong></span> <span class='ocrx_word' id='word_1_108' title='bbox 510 2011 615 2077; x_wconf 86' lang='lat' dir='ltr'><strong>fasces</strong></span> <span class='ocrx_word' id='word_1_109' title='bbox 631 2011 734 2088; x_wconf 86' lang='lat' dir='ltr'><strong>dabit,</strong></span> <span class='ocrx_word' id='word_1_110' title='bbox 750 2011 931 2095; x_wconf 80' lang='lat' dir='ltr'><strong>eripietque</strong></span> <span class='ocrx_word' id='word_1_111' title='bbox 947 2013 1070 2092; x_wconf 85' lang='lat' dir='ltr'><strong>curule,</strong></span> 
     </span>
    </p>
   </div>
   <div class='ocr_carea' id='block_1_3' title="bbox 196 2212 1352 3427">
    <p class='ocr_par' dir='ltr' id='par_1_3' title="bbox 196 2212 1352 3427">
     <span class='ocr_line' id='line_1_16' title="bbox 196 2212 1346 2284; baseline 0.003 -21"><span class='ocrx_word' id='word_1_112' title='bbox 196 2212 303 2263; x_wconf 73' lang='lat' dir='ltr'><strong>Suadela</strong></span> <span class='ocrx_word' id='word_1_113' title='bbox 318 2220 343 2263; x_wconf 81' lang='lat' dir='ltr'><strong>et</strong></span> <span class='ocrx_word' id='word_1_114' title='bbox 354 2214 441 2263; x_wconf 84' lang='lat' dir='ltr'><strong>Venus</strong></span> <span class='ocrx_word' id='word_1_115' title='bbox 455 2214 643 2280; x_wconf 86' lang='lat' dir='ltr'><strong>conspiciuntur,</strong></span> <span class='ocrx_word' id='word_1_116' title='bbox 658 2213 683 2262; x_wconf 89' lang='lat' dir='ltr'><strong>b.</strong></span> <span class='ocrx_word' id='word_1_117' title='bbox 694 2229 718 2263; x_wconf 87' lang='lat' dir='ltr'><strong>e.</strong></span> <span class='ocrx_word' id='word_1_118' title='bbox 731 2213 755 2263; x_wconf 90' lang='lat' dir='ltr'><strong>ei</strong></span> <span class='ocrx_word' id='word_1_119' title='bbox 787 2216 903 2263; x_wconf 74' lang='lat' dir='ltr'><strong>domiuum</strong></span> <span class='ocrx_word' id='word_1_120' title='bbox 912 2214 1020 2279; x_wconf 81' lang='lat' dir='ltr'><strong>fallunt,</strong></span> <span class='ocrx_word' id='word_1_121' title='bbox 1039 2226 1064 2266; x_wconf 85' lang='lat' dir='ltr'><strong>et</strong></span> <span class='ocrx_word' id='word_1_122' title='bbox 1078 2232 1115 2275; x_wconf 87' lang='lat' dir='ltr'><strong>ee,</strong></span> <span class='ocrx_word' id='word_1_123' title='bbox 1135 2234 1191 2283; x_wconf 83' lang='lat' dir='ltr'><strong>quta</strong></span> <span class='ocrx_word' id='word_1_124' title='bbox 1210 2226 1346 2284; x_wconf 73' lang='lat' dir='ltr'><strong>capenum,</strong></span> 
     </span>
     <span class='ocr_line' id='line_1_17' title="bbox 197 2276 1111 2343; baseline 0.004 -17"><span class='ocrx_word' id='word_1_125' title='bbox 197 2278 286 2327; x_wconf 69' lang='lat' dir='ltr'><strong>divitie</strong></span> <span class='ocrx_word' id='word_1_126' title='bbox 297 2276 401 2342; x_wconf 87' lang='lat' dir='ltr'><strong>speciem</strong></span> <span class='ocrx_word' id='word_1_127' title='bbox 412 2277 531 2327; x_wconf 79' lang='lat' dir='ltr'><strong>secundia</strong></span> <span class='ocrx_word' id='word_1_128' title='bbox 546 2288 571 2328; x_wconf 88' lang='lat' dir='ltr'><strong>et</strong></span> <span class='ocrx_word' id='word_1_129' title='bbox 583 2277 692 2327; x_wconf 79' lang='lat' dir='ltr'><strong>amabilis</strong></span> <span class='ocrx_word' id='word_1_130' title='bbox 701 2294 755 2341; x_wconf 78' lang='lat' dir='ltr'><strong>gra·</strong></span> <span class='ocrx_word' id='word_1_131' title='bbox 787 2276 834 2342; x_wconf 90' lang='lat' dir='ltr'><strong>ipsi</strong></span> <span class='ocrx_word' id='word_1_132' title='bbox 843 2277 940 2327; x_wconf 89' lang='lat' dir='ltr'><strong>domino</strong></span> <span class='ocrx_word' id='word_1_133' title='bbox 951 2279 1034 2343; x_wconf 78' lang='lat' dir='ltr'><strong>ignota</strong></span> <span class='ocrx_word' id='word_1_134' title='bbox 1045 2290 1111 2330; x_wconf 86' lang='lat' dir='ltr'><strong>sunt.</strong></span> 
     </span>
     <span class='ocr_line' id='line_1_18' title="bbox 197 2340 1346 2409; baseline 0.003 -19"><span class='ocrx_word' id='word_1_135' title='bbox 197 2341 396 2401; x_wconf 62' lang='lat' dir='ltr'><strong>timobteudunt3</strong></span> <span class='ocrx_word' id='word_1_136' title='bbox 413 2340 564 2405; x_wconf 79' lang='lat' dir='ltr'><strong>isquidivea</strong></span> <span class='ocrx_word' id='word_1_137' title='bbox 574 2341 703 2400; x_wconf 71' lang='lat' dir='ltr'><strong>establis</strong></span> <span class='ocrx_word' id='word_1_138' title='bbox 730 2342 756 2389; x_wconf 94' lang='lat' dir='ltr'><strong>ui</strong></span> <span class='ocrx_word' id='word_1_139' title='bbox 821 2342 862 2389; x_wconf 86' lang='grc'><strong>47.</strong></span> <span class='ocrx_word' id='word_1_140' title='bbox 879 2342 943 2407; x_wconf 80' lang='lat' dir='ltr'><strong>Ergo</strong></span> <span class='ocrx_word' id='word_1_141' title='bbox 953 2344 979 2391; x_wconf 83' lang='lat' dir='ltr'><strong>Si</strong></span> <span class='ocrx_word' id='word_1_142' title='bbox 988 2361 1022 2393; x_wconf 79' lang='lat' dir='ltr'><strong>res</strong></span> <span class='ocrx_word' id='word_1_143' title='bbox 1031 2347 1087 2401; x_wconf 82' lang='lat' dir='ltr'><strong>sola,</strong></span> <span class='ocrx_word' id='word_1_144' title='bbox 1098 2352 1154 2395; x_wconf 87' lang='lat' dir='ltr'><strong>cett.</strong></span> <span class='ocrx_word' id='word_1_145' title='bbox 1166 2362 1228 2409; x_wconf 82' lang='lat' dir='ltr'><strong>ergo,</strong></span> <span class='ocrx_word' id='word_1_146' title='bbox 1240 2344 1261 2393; x_wconf 87' lang='lat' dir='ltr'><strong>si</strong></span> <span class='ocrx_word' id='word_1_147' title='bbox 1272 2344 1346 2394; x_wconf 88' lang='lat' dir='ltr'><strong>virtu-</strong></span> 
     </span>
     <span class='ocr_line' id='line_1_19' title="bbox 196 2358 1349 2473; baseline 0.003 -20"><span class='ocrx_word' id='word_1_148' title='bbox 196 2405 293 2454; x_wconf 85' lang='lat' dir='ltr'><strong>divitias</strong></span> <span class='ocrx_word' id='word_1_149' title='bbox 308 2405 456 2454; x_wconf 81' lang='lat' dir='ltr'><strong>admirantur</strong></span> <span class='ocrx_word' id='word_1_150' title='bbox 473 2404 591 2455; x_wconf 76' lang='lat' dir='ltr'><strong>facundus</strong></span> <span class='ocrx_word' id='word_1_151' title='bbox 606 2414 632 2455; x_wconf 88' lang='lat' dir='ltr'><strong>et</strong></span> <span class='ocrx_word' id='word_1_152' title='bbox 646 2358 758 2455; x_wconf 70' lang='lat' dir='ltr'><strong>amabilis</strong></span> <span class='ocrx_word' id='word_1_153' title='bbox 789 2412 836 2454; x_wconf 86' lang='lat' dir='ltr'><strong>tem</strong></span> <span class='ocrx_word' id='word_1_154' title='bbox 847 2407 929 2464; x_wconf 80' lang='lat' dir='ltr'><strong>verba,</strong></span> <span class='ocrx_word' id='word_1_155' title='bbox 941 2406 991 2455; x_wconf 79' lang='lat' dir='ltr'><strong>sive</strong></span> <span class='ocrx_word' id='word_1_156' title='bbox 1003 2423 1090 2457; x_wconf 90' lang='lat' dir='ltr'><strong>nomen</strong></span> <span class='ocrx_word' id='word_1_157' title='bbox 1100 2408 1171 2457; x_wconf 80' lang='lat' dir='ltr'><strong>inane</strong></span> <span class='ocrx_word' id='word_1_158' title='bbox 1187 2417 1266 2473; x_wconf 84' lang='lat' dir='ltr'><strong>putas,</strong></span> <span class='ocrx_word' id='word_1_159' title='bbox 1277 2416 1302 2457; x_wconf 86' lang='lat' dir='ltr'><strong>et</strong></span> <span class='ocrx_word' id='word_1_160' title='bbox 1313 2426 1349 2457; x_wconf 84' lang='lat' dir='ltr'><strong>res</strong></span> 
     </span>
     <span class='ocr_line' id='line_1_20' title="bbox 198 2468 1349 2533; baseline 0.003 -15"><span class='ocrx_word' id='word_1_161' title='bbox 198 2469 309 2518; x_wconf 85' lang='lat' dir='ltr'><strong>babetur.</strong></span> <span class='ocrx_word' id='word_1_162' title='bbox 337 2469 377 2517; x_wconf 82' lang='lat' dir='ltr'><strong>De</strong></span> <span class='ocrx_word' id='word_1_163' title='bbox 395 2469 484 2533; x_wconf 88' lang='lat' dir='ltr'><strong>templo</strong></span> <span class='ocrx_word' id='word_1_164' title='bbox 496 2470 584 2519; x_wconf 88' lang='lat' dir='ltr'><strong>Veneri</strong></span> <span class='ocrx_word' id='word_1_165' title='bbox 600 2478 625 2519; x_wconf 88' lang='lat' dir='ltr'><strong>et</strong></span> <span class='ocrx_word' id='word_1_166' title='bbox 635 2468 755 2525; x_wconf 77' lang='lat' dir='ltr'><strong>Suadeln,</strong></span> <span class='ocrx_word' id='word_1_167' title='bbox 788 2470 845 2524; x_wconf 84' lang='lat' dir='ltr'><strong>selo,</strong></span> <span class='ocrx_word' id='word_1_168' title='bbox 862 2470 920 2519; x_wconf 82' lang='lat' dir='ltr'><strong>solae</strong></span> <span class='ocrx_word' id='word_1_169' title='bbox 936 2470 1035 2529; x_wconf 75' lang='lat' dir='ltr'><strong>divitie,</strong></span> <span class='ocrx_word' id='word_1_170' title='bbox 1055 2479 1078 2520; x_wconf 87' lang='lat' dir='ltr'><strong>te</strong></span> <span class='ocrx_word' id='word_1_171' title='bbox 1097 2473 1192 2522; x_wconf 83' lang='lat' dir='ltr'><strong>beatum</strong></span> <span class='ocrx_word' id='word_1_172' title='bbox 1209 2472 1305 2521; x_wconf 77' lang='lat' dir='ltr'>reddere</span> <span class='ocrx_word' id='word_1_173' title='bbox 1324 2482 1349 2521; x_wconf 90' lang='lat' dir='ltr'><strong>et</strong></span> 
     </span>
     <span class='ocr_line' id='line_1_21' title="bbox 199 2532 1017 2599; baseline 0.001 -18"><span class='ocrx_word' id='word_1_174' title='bbox 199 2541 228 2581; x_wconf 94' lang='lat' dir='ltr'><strong>ut</strong></span> <span class='ocrx_word' id='word_1_175' title='bbox 237 2533 329 2582; x_wconf 84' lang='lat' dir='ltr'><strong>deabus</strong></span> <span class='ocrx_word' id='word_1_176' title='bbox 345 2532 480 2598; x_wconf 65' lang='lat' dir='ltr'><strong>rnpidpcsq,</strong></span> <span class='ocrx_word' id='word_1_177' title='bbox 492 2548 507 2581; x_wconf 88' lang='lat' dir='ltr'><strong>a</strong></span> <span class='ocrx_word' id='word_1_178' title='bbox 517 2532 612 2583; x_wconf 76' lang='lat' dir='ltr'><strong>Grecis</strong></span> <span class='ocrx_word' id='word_1_179' title='bbox 626 2543 756 2589; x_wconf 76' lang='lat' dir='ltr'><strong>emuncto,</strong></span> <span class='ocrx_word' id='word_1_180' title='bbox 787 2541 899 2597; x_wconf 80' lang='lat' dir='ltr'><strong>prestare</strong></span> <span class='ocrx_word' id='word_1_181' title='bbox 909 2543 1017 2599; x_wconf 79' lang='lat' dir='ltr'><strong>possunt.</strong></span> 
     </span>
     <span class='ocr_line' id='line_1_22' title="bbox 199 2596 1348 2663; baseline 0.002 -18"><span class='ocrx_word' id='word_1_182' title='bbox 199 2596 370 2645; x_wconf 83' lang='lat' dir='ltr'><strong>vid.Torrent.</strong></span> <span class='ocrx_word' id='word_1_183' title='bbox 822 2597 863 2645; x_wconf 76' lang='grc'><strong>48.</strong></span> <span class='ocrx_word' id='word_1_184' title='bbox 890 2598 962 2661; x_wconf 82' lang='lat' dir='ltr'><strong>Opus,</strong></span> <span class='ocrx_word' id='word_1_185' title='bbox 985 2614 1019 2647; x_wconf 86' lang='lat' dir='ltr'><strong>sc.</strong></span> <span class='ocrx_word' id='word_1_186' title='bbox 1042 2598 1179 2649; x_wconf 82' lang='lat' dir='ltr'><strong>divitiarum</strong></span> <span class='ocrx_word' id='word_1_187' title='bbox 1200 2597 1348 2663; x_wconf 81' lang='lat' dir='ltr'><strong>colligenda·</strong></span> 
     </span>
     <span class='ocr_line' id='line_1_23' title="bbox 232 2660 853 2710; baseline 0 -1"><span class='ocrx_word' id='word_1_188' title='bbox 232 2661 338 2709; x_wconf 80' lang='lat'><strong>39-46.</strong></span> <span class='ocrx_word' id='word_1_189' title='bbox 367 2660 453 2708; x_wconf 85' lang='lat' dir='ltr'><strong>Nexus</strong></span> <span class='ocrx_word' id='word_1_190' title='bbox 473 2668 498 2709; x_wconf 86' lang='lat' dir='ltr'><strong>et</strong></span> <span class='ocrx_word' id='word_1_191' title='bbox 517 2675 618 2709; x_wconf 85' lang='lat' dir='ltr'><strong>sensus:</strong></span> <span class='ocrx_word' id='word_1_192' title='bbox 645 2676 758 2710; x_wconf 77' lang='lat' dir='ltr'><strong>coacerva</strong></span> <span class='ocrx_word' id='word_1_193' title='bbox 790 2674 853 2709; x_wconf 90' lang='lat' dir='ltr'><strong>rum.</strong></span> 
     </span>
     <span class='ocr_line' id='line_1_24' title="bbox 198 2720 1348 2797; baseline 0.001 -25"><span class='ocrx_word' id='word_1_194' title='bbox 198 2720 756 2797; x_wconf 60' lang='lat' dir='ltr'><strong>dividannonqualessuntregisCappadocie,</strong></span> <span class='ocrx_word' id='word_1_195' title='bbox 822 2725 863 2773; x_wconf 87' lang='grc'><strong>49.</strong></span> <span class='ocrx_word' id='word_1_196' title='bbox 879 2724 967 2786; x_wconf 81' lang='lat' dir='ltr'><strong>Species</strong></span> <span class='ocrx_word' id='word_1_197' title='bbox 983 2726 1043 2791; x_wconf 85' lang='lat' dir='ltr'><strong>jem,</strong></span> <span class='ocrx_word' id='word_1_198' title='bbox 1057 2734 1084 2775; x_wconf 90' lang='lat' dir='ltr'><strong>ut</strong></span> <span class='ocrx_word' id='word_1_199' title='bbox 1101 2742 1131 2777; x_wconf 85' lang='lat' dir='ltr'><strong>er</strong></span> <span class='ocrx_word' id='word_1_200' title='bbox 1142 2725 1295 2791; x_wconf 87' lang='lat' dir='ltr'><strong>sequentibus</strong></span> <span class='ocrx_word' id='word_1_201' title='bbox 1306 2740 1348 2791; x_wconf 85' lang='lat' dir='ltr'><strong>ep·</strong></span> 
     </span>
     <span class='ocr_line' id='line_1_25' title="bbox 200 2787 1349 2853; baseline 0.002 -17"><span class='ocrx_word' id='word_1_202' title='bbox 200 2804 280 2853; x_wconf 90' lang='lat' dir='ltr'><strong>quem,</strong></span> <span class='ocrx_word' id='word_1_203' title='bbox 299 2788 334 2835; x_wconf 91' lang='lat' dir='ltr'><strong>nil</strong></span> <span class='ocrx_word' id='word_1_204' title='bbox 357 2788 404 2836; x_wconf 85' lang='lat' dir='ltr'><strong>ursi</strong></span> <span class='ocrx_word' id='word_1_205' title='bbox 425 2803 504 2837; x_wconf 80' lang='lat' dir='ltr'><strong>servos</strong></span> <span class='ocrx_word' id='word_1_206' title='bbox 523 2788 660 2845; x_wconf 76' lang='lat' dir='ltr'><strong>habentem,</strong></span> <span class='ocrx_word' id='word_1_207' title='bbox 678 2787 759 2837; x_wconf 84' lang='lat' dir='ltr'><strong>deficit</strong></span> <span class='ocrx_word' id='word_1_208' title='bbox 847 2795 865 2843; x_wconf 87' lang='lat' dir='ltr'><strong>t,</strong></span> <span class='ocrx_word' id='word_1_209' title='bbox 876 2796 1010 2838; x_wconf 85' lang='lat' dir='ltr'><strong>ertemuss</strong></span> <span class='ocrx_word' id='word_1_210' title='bbox 1028 2788 1349 2852; x_wconf 66' lang='lat' dir='ltr'><strong>leudonexternadignitas,</strong></span> 
     </span>
     <span class='ocr_line' id='line_1_26' title="bbox 200 2850 1348 2919; baseline -0.001 -18"><span class='ocrx_word' id='word_1_211' title='bbox 200 2851 310 2915; x_wconf 49' lang='lat' dir='ltr'><strong>pecunie</strong></span> <span class='ocrx_word' id='word_1_212' title='bbox 320 2851 363 2899; x_wconf 87' lang='lat' dir='ltr'><strong>ssd</strong></span> <span class='ocrx_word' id='word_1_213' title='bbox 374 2850 458 2915; x_wconf 81' lang='lat' dir='ltr'><strong>quales</strong></span> <span class='ocrx_word' id='word_1_214' title='bbox 469 2852 602 2916; x_wconf 84' lang='lat' dir='ltr'><strong>possedisse</strong></span> <span class='ocrx_word' id='word_1_215' title='bbox 613 2851 700 2901; x_wconf 88' lang='lat' dir='ltr'><strong>dicitur</strong></span> <span class='ocrx_word' id='word_1_216' title='bbox 707 2854 757 2901; x_wconf 91' lang='lat' dir='ltr'><strong>Lu·</strong></span> <span class='ocrx_word' id='word_1_217' title='bbox 808 2852 887 2900; x_wconf 87' lang='lat' dir='ltr'><strong>onoris</strong></span> <span class='ocrx_word' id='word_1_218' title='bbox 898 2853 999 2917; x_wconf 87' lang='lat' dir='ltr'><strong>amplitu</strong></span> <span class='ocrx_word' id='word_1_219' title='bbox 1017 2869 1039 2902; x_wconf 91' lang='lat' dir='ltr'><strong>o.</strong></span> <span class='ocrx_word' id='word_1_220' title='bbox 1074 2855 1128 2903; x_wconf 85' lang='lat' dir='ltr'><strong>Cic.</strong></span> <span class='ocrx_word' id='word_1_221' title='bbox 1141 2855 1166 2901; x_wconf 93' lang='lat' dir='ltr'><strong>in</strong></span> <span class='ocrx_word' id='word_1_222' title='bbox 1178 2853 1230 2901; x_wconf 91' lang='lat' dir='ltr'><strong>Pis.</strong></span> <span class='ocrx_word' id='word_1_223' title='bbox 1241 2868 1295 2919; x_wconf 88' lang='lat' dir='ltr'><strong>cap.</strong></span> <span class='ocrx_word' id='word_1_224' title='bbox 1308 2855 1348 2909; x_wconf 93' lang='lat' dir='ltr'><strong>ll,</strong></span> 
     </span>
     <span class='ocr_line' id='line_1_27' title="bbox 200 2914 1351 2982; baseline 0.002 -19"><span class='ocrx_word' id='word_1_225' title='bbox 200 2916 288 2972; x_wconf 84' lang='lat' dir='ltr'><strong>cultus,</strong></span> <span class='ocrx_word' id='word_1_226' title='bbox 300 2914 343 2979; x_wconf 92' lang='lat' dir='ltr'><strong>qui</strong></span> <span class='ocrx_word' id='word_1_227' title='bbox 358 2924 407 2963; x_wconf 87' lang='lat' dir='ltr'><strong>tam</strong></span> <span class='ocrx_word' id='word_1_228' title='bbox 418 2915 486 2965; x_wconf 86' lang='lat' dir='ltr'><strong>dives</strong></span> <span class='ocrx_word' id='word_1_229' title='bbox 501 2917 555 2972; x_wconf 86' lang='lat' dir='ltr'><strong>iuit,</strong></span> <span class='ocrx_word' id='word_1_230' title='bbox 571 2924 606 2972; x_wconf 90' lang='lat' dir='ltr'><strong>ut,</strong></span> <span class='ocrx_word' id='word_1_231' title='bbox 616 2932 670 2981; x_wconf 78' lang='lat' dir='ltr'><strong>qun</strong></span> <span class='ocrx_word' id='word_1_232' title='bbox 682 2916 758 2981; x_wconf 85' lang='lat' dir='ltr'><strong>possi·</strong></span> <span class='ocrx_word' id='word_1_233' title='bbox 790 2932 901 2979; x_wconf 77' lang='lat' dir='ltr'><strong>maguum</strong></span> <span class='ocrx_word' id='word_1_234' title='bbox 917 2934 996 2965; x_wconf 84' lang='lat' dir='ltr'><strong>nomeu</strong></span> <span class='ocrx_word' id='word_1_235' title='bbox 1014 2927 1054 2974; x_wconf 84' lang='lat' dir='ltr'><strong>est,</strong></span> <span class='ocrx_word' id='word_1_236' title='bbox 1068 2935 1152 2982; x_wconf 81' lang='lat' dir='ltr'><strong>magun</strong></span> <span class='ocrx_word' id='word_1_237' title='bbox 1163 2920 1253 2978; x_wconf 83' lang='lat' dir='ltr'><strong>species,</strong></span> <span class='ocrx_word' id='word_1_238' title='bbox 1265 2934 1351 2980; x_wconf 81' lang='lat' dir='ltr'><strong>magno</strong></span> 
     </span>
     <span class='ocr_line' id='line_1_28' title="bbox 201 2978 1349 3053; baseline 0.003 -27"><span class='ocrx_word' id='word_1_239' title='bbox 201 2978 302 3035; x_wconf 62' lang='lat' dir='ltr'><strong>derebi</strong></span> <span class='ocrx_word' id='word_1_240' title='bbox 364 2978 474 3028; x_wconf 76' lang='lat' dir='ltr'><strong>nesciret</strong></span> <span class='ocrx_word' id='word_1_241' title='bbox 509 2980 574 3029; x_wconf 85' lang='lat' dir='ltr'><strong>Hinc</strong></span> <span class='ocrx_word' id='word_1_242' title='bbox 592 2980 643 3037; x_wconf 86' lang='lat' dir='ltr'><strong>ille,</strong></span> <span class='ocrx_word' id='word_1_243' title='bbox 662 2988 759 3043; x_wconf 80' lang='lat' dir='ltr'><strong>rogatus</strong></span> <span class='ocrx_word' id='word_1_244' title='bbox 790 2981 903 3043; x_wconf 80' lang='lat' dir='ltr'><strong>dignitus,</strong></span> <span class='ocrx_word' id='word_1_245' title='bbox 915 2997 999 3053; x_wconf 74' lang='lat' dir='ltr'><strong>magua</strong></span> <span class='ocrx_word' id='word_1_246' title='bbox 1010 2985 1113 3043; x_wconf 76' lang='lat' dir='ltr'><strong>majestas</strong></span> <span class='ocrx_word' id='word_1_247' title='bbox 1124 2982 1230 3029; x_wconf 82' lang='lat' dir='ltr'><strong>consulis.</strong></span> <span class='ocrx_word' id='word_1_248' title='bbox 1255 2980 1349 3039; x_wconf 77' lang='lat' dir='ltr'><strong>Gratia,</strong></span> 
     </span>
     <span class='ocr_line' id='line_1_29' title="bbox 203 3041 1350 3110; baseline 0.003 -21"><span class='ocrx_word' id='word_1_249' title='bbox 203 3041 299 3106; x_wconf 84' lang='lat' dir='ltr'><strong>aliquan</strong></span> <span class='ocrx_word' id='word_1_250' title='bbox 316 3060 339 3098; x_wconf 89' lang='grc' dir='ltr'><strong>ο,</strong></span> <span class='ocrx_word' id='word_1_251' title='bbox 356 3050 383 3091; x_wconf 92' lang='lat' dir='ltr'><strong>ut</strong></span> <span class='ocrx_word' id='word_1_252' title='bbox 404 3044 540 3107; x_wconf 82' lang='lat' dir='ltr'><strong>spectaculo</strong></span> <span class='ocrx_word' id='word_1_253' title='bbox 555 3044 646 3093; x_wconf 85' lang='lat' dir='ltr'><strong>edendo</strong></span> <span class='ocrx_word' id='word_1_254' title='bbox 662 3052 758 3093; x_wconf 85' lang='lat' dir='ltr'><strong>centum</strong></span> <span class='ocrx_word' id='word_1_255' title='bbox 790 3043 857 3091; x_wconf 79' lang='lat' dir='ltr'><strong>favor</strong></span> <span class='ocrx_word' id='word_1_256' title='bbox 876 3044 967 3108; x_wconf 80' lang='lat' dir='ltr'><strong>populi.</strong></span> <span class='ocrx_word' id='word_1_257' title='bbox 1002 3046 1106 3101; x_wconf 82' lang='lat' dir='ltr'><strong>Prcstrt,</strong></span> <span class='ocrx_word' id='word_1_258' title='bbox 1123 3060 1165 3110; x_wconf 91' lang='lat' dir='ltr'><strong>pro</strong></span> <span class='ocrx_word' id='word_1_259' title='bbox 1182 3044 1261 3109; x_wconf 89' lang='lat' dir='ltr'><strong>(quod</strong></span> <span class='ocrx_word' id='word_1_260' title='bbox 1280 3043 1350 3092; x_wconf 91' lang='lat' dir='ltr'><strong>modo</strong></span> 
     </span>
     <span class='ocr_line' id='line_1_30' title="bbox 202 3106 1149 3218; baseline 0.003 -64"><span class='ocrx_word' id='word_1_261' title='bbox 202 3107 371 3169; x_wconf 73' lang='lat' dir='ltr'><strong>paludamenta</strong></span> <span class='ocrx_word' id='word_1_262' title='bbox 391 3106 560 3172; x_wconf 71' lang='lat' dir='ltr'><strong>suppeditaret,</strong></span> <span class='ocrx_word' id='word_1_263' title='bbox 579 3124 635 3156; x_wconf 89' lang='lat' dir='ltr'><strong>curn</strong></span> <span class='ocrx_word' id='word_1_264' title='bbox 657 3108 759 3173; x_wconf 87' lang='lat' dir='ltr'><strong>primum</strong></span> <span class='ocrx_word' id='word_1_265' title='bbox 790 3106 882 3155; x_wconf 87' lang='lat' dir='ltr'><strong>dietum</strong></span> <span class='ocrx_word' id='word_1_266' title='bbox 892 3106 1021 3218; x_wconf 43' lang='lat' dir='ltr'><strong>estbhucit</strong></span> <span class='ocrx_word' id='word_1_267' title='bbox 1032 3116 1149 3157; x_wconf 82' lang='lat' dir='ltr'><strong>etseruut.</strong></span> 
     </span>
     <span class='ocr_line' id='line_1_31' title="bbox 202 3168 1352 3235; baseline 0.003 -18"><span class='ocrx_word' id='word_1_268' title='bbox 202 3168 334 3219; x_wconf 76' lang='lat' dir='ltr'><strong>dubitasset</strong></span> <span class='ocrx_word' id='word_1_269' title='bbox 353 3187 379 3221; x_wconf 88' lang='lat' dir='ltr'><strong>se</strong></span> <span class='ocrx_word' id='word_1_270' title='bbox 399 3178 435 3218; x_wconf 89' lang='lat' dir='ltr'><strong>tot</strong></span> <span class='ocrx_word' id='word_1_271' title='bbox 453 3171 547 3228; x_wconf 83' lang='lat' dir='ltr'><strong>bebere,</strong></span> <span class='ocrx_word' id='word_1_272' title='bbox 566 3172 636 3219; x_wconf 86' lang='lat' dir='ltr'><strong>rebus</strong></span> <span class='ocrx_word' id='word_1_273' title='bbox 654 3172 704 3219; x_wconf 85' lang='lat' dir='ltr'><strong>suis</strong></span> <span class='ocrx_word' id='word_1_274' title='bbox 722 3170 759 3219; x_wconf 90' lang='lat' dir='ltr'><strong>in-</strong></span> <span class='ocrx_word' id='word_1_275' title='bbox 824 3172 930 3220; x_wconf 79' lang='lat'>50-55.</span> <span class='ocrx_word' id='word_1_276' title='bbox 976 3186 1352 3235; x_wconf 77' lang='lat' dir='ltr'><strong>creemurseroum.agernercare</strong></span> 
     </span>
     <span class='ocr_line' id='line_1_32' title="bbox 203 3234 1350 3301; baseline 0.003 -21"><span class='ocrx_word' id='word_1_277' title='bbox 203 3234 299 3297; x_wconf 89' lang='lat' dir='ltr'><strong>spectis,</strong></span> <span class='ocrx_word' id='word_1_278' title='bbox 317 3250 365 3282; x_wconf 91' lang='lat' dir='ltr'><strong>non</strong></span> <span class='ocrx_word' id='word_1_279' title='bbox 384 3242 488 3291; x_wconf 87' lang='lat' dir='ltr'><strong>centum,</strong></span> <span class='ocrx_word' id='word_1_280' title='bbox 505 3236 547 3283; x_wconf 88' lang='lat' dir='ltr'><strong>sed</strong></span> <span class='ocrx_word' id='word_1_281' title='bbox 580 3235 669 3299; x_wconf 85' lang='lat' dir='ltr'><strong>uinquo</strong></span> <span class='ocrx_word' id='word_1_282' title='bbox 685 3234 761 3282; x_wconf 89' lang='lat' dir='ltr'><strong>millia</strong></span> <span class='ocrx_word' id='word_1_283' title='bbox 792 3250 895 3291; x_wconf 63' lang='lat' dir='ltr'><strong>amum,</strong></span> <span class='ocrx_word' id='word_1_284' title='bbox 919 3234 969 3297; x_wconf 88' lang='lat' dir='ltr'><strong>qui,</strong></span> <span class='ocrx_word' id='word_1_285' title='bbox 992 3250 1047 3283; x_wconf 86' lang='lat' dir='ltr'><strong>cunr</strong></span> <span class='ocrx_word' id='word_1_286' title='bbox 1069 3235 1148 3300; x_wconf 87' lang='lat' dir='ltr'><strong>prodis</strong></span> <span class='ocrx_word' id='word_1_287' title='bbox 1171 3236 1195 3283; x_wconf 92' lang='lat' dir='ltr'><strong>in</strong></span> <span class='ocrx_word' id='word_1_288' title='bbox 1218 3235 1350 3301; x_wconf 88' lang='lat' dir='ltr'><strong>publicum,</strong></span> 
     </span>
     <span class='ocr_line' id='line_1_33' title="bbox 202 3251 1350 3363; baseline 0.003 -19"><span class='ocrx_word' id='word_1_289' title='bbox 202 3298 421 3361; x_wconf 82' lang='lat' dir='ltr'><strong>paludamentomm</strong></span> <span class='ocrx_word' id='word_1_290' title='bbox 440 3297 538 3347; x_wconf 83' lang='lat' dir='ltr'><strong>invenit.</strong></span> <span class='ocrx_word' id='word_1_291' title='bbox 564 3251 621 3347; x_wconf 77' lang='lat' dir='ltr'><strong>lua</strong></span> <span class='ocrx_word' id='word_1_292' title='bbox 636 3298 700 3347; x_wconf 89' lang='lat' dir='ltr'><strong>enim</strong></span> <span class='ocrx_word' id='word_1_293' title='bbox 716 3297 759 3346; x_wconf 90' lang='lat' dir='ltr'><strong>do·</strong></span> <span class='ocrx_word' id='word_1_294' title='bbox 792 3299 996 3363; x_wconf 70' lang='lat' dir='ltr'><strong>praetereuntium,</strong></span> <span class='ocrx_word' id='word_1_295' title='bbox 1004 3314 1104 3363; x_wconf 85' lang='lat' dir='ltr'><strong>quorum</strong></span> <span class='ocrx_word' id='word_1_296' title='bbox 1113 3297 1256 3347; x_wconf 79' lang='lat' dir='ltr'><strong>lavoremed</strong></span> <span class='ocrx_word' id='word_1_297' title='bbox 1267 3313 1350 3347; x_wconf 87' lang='lat' dir='ltr'><strong>conse·</strong></span> 
     </span>
     <span class='ocr_line' id='line_1_34' title="bbox 203 3360 1352 3427; baseline 0.003 -19"><span class='ocrx_word' id='word_1_298' title='bbox 203 3376 266 3419; x_wconf 87' lang='lat' dir='ltr'><strong>mus,</strong></span> <span class='ocrx_word' id='word_1_299' title='bbox 278 3378 332 3425; x_wconf 80' lang='lat' dir='ltr'><strong>quae</strong></span> <span class='ocrx_word' id='word_1_300' title='bbox 342 3378 390 3409; x_wconf 92' lang='lat' dir='ltr'><strong>non</strong></span> <span class='ocrx_word' id='word_1_301' title='bbox 401 3362 435 3408; x_wconf 86' lang='lat' dir='ltr'><strong>ita</strong></span> <span class='ocrx_word' id='word_1_302' title='bbox 444 3363 555 3410; x_wconf 90' lang='lat' dir='ltr'><strong>omnibus</strong></span> <span class='ocrx_word' id='word_1_303' title='bbox 566 3363 636 3411; x_wconf 83' lang='lat' dir='ltr'><strong>rebus</strong></span> <span class='ocrx_word' id='word_1_304' title='bbox 646 3361 759 3419; x_wconf 84' lang='lat' dir='ltr'><strong>abundat.</strong></span> <span class='ocrx_word' id='word_1_305' title='bbox 793 3360 901 3427; x_wconf 90' lang='lat' dir='ltr'><strong>quendos</strong></span> <span class='ocrx_word' id='word_1_306' title='bbox 927 3362 1026 3410; x_wconf 88' lang='lat' dir='ltr'><strong>honores</strong></span> <span class='ocrx_word' id='word_1_307' title='bbox 1057 3370 1106 3410; x_wconf 87' lang='lat' dir='ltr'><strong>tam</strong></span> <span class='ocrx_word' id='word_1_308' title='bbox 1131 3360 1258 3411; x_wconf 81' lang='lat' dir='ltr'><strong>salutando</strong></span> <span class='ocrx_word' id='word_1_309' title='bbox 1278 3379 1352 3427; x_wconf 86' lang='lat' dir='ltr'><strong>quarn</strong></span> 
     </span>
    </p>
   </div>
   <div class='ocr_carea' id='block_1_4' title="bbox 202 3423 1351 3537">
    <p class='ocr_par' dir='ltr' id='par_1_4' title="bbox 202 3423 1351 3537">
     <span class='ocr_line' id='line_1_35' title="bbox 202 3423 1351 3537; baseline 0.001 -64"><span class='ocrx_word' id='word_1_310' title='bbox 202 3433 230 3473; x_wconf 90' lang='lat' dir='ltr'><strong>nt</strong></span> <span class='ocrx_word' id='word_1_311' title='bbox 245 3435 341 3489; x_wconf 80' lang='lat' dir='ltr'><strong>quantoe</strong></span> <span class='ocrx_word' id='word_1_312' title='bbox 352 3426 400 3473; x_wconf 75' lang='lat' dir='ltr'><strong>ille</strong></span> <span class='ocrx_word' id='word_1_313' title='bbox 417 3424 466 3473; x_wconf 85' lang='lat' dir='ltr'><strong>sint</strong></span> <span class='ocrx_word' id='word_1_314' title='bbox 477 3426 528 3491; x_wconf 88' lang='lat' dir='ltr'><strong>ipse</strong></span> <span class='ocrx_word' id='word_1_315' title='bbox 539 3425 650 3474; x_wconf 89' lang='lat' dir='ltr'><strong>dominus</strong></span> <span class='ocrx_word' id='word_1_316' title='bbox 660 3424 760 3489; x_wconf 79' lang='lat' dir='ltr'><strong>ignoret,</strong></span> <span class='ocrx_word' id='word_1_317' title='bbox 793 3423 928 3537; x_wconf 78' lang='lat' dir='ltr'><strong>prensando</strong></span> <span class='ocrx_word' id='word_1_318' title='bbox 938 3424 983 3472; x_wconf 87' lang='lat' dir='ltr'><strong>tibi</strong></span> <span class='ocrx_word' id='word_1_319' title='bbox 990 3424 1112 3481; x_wconf 84' lang='lat' dir='ltr'><strong>concilies,</strong></span> <span class='ocrx_word' id='word_1_320' title='bbox 1122 3426 1351 3489; x_wconf 85' lang='lat' dir='ltr'><strong>nominasuggernt;</strong></span> 
     </span>
    </p>
   </div>
   <div class='ocr_carea' id='block_1_5' title="bbox 202 3488 1358 4761">
    <p class='ocr_par' dir='ltr' id='par_1_5' title="bbox 202 3488 1358 4761">
     <span class='ocr_line' id='line_1_36' title="bbox 204 3488 1352 3553; baseline 0 -16"><span class='ocrx_word' id='word_1_321' title='bbox 204 3488 392 3537; x_wconf 73' lang='lat' dir='ltr'><strong>tennuetesitis</strong></span> <span class='ocrx_word' id='word_1_322' title='bbox 402 3498 448 3537; x_wconf 90' lang='lat' dir='ltr'><strong>est.</strong></span> <span class='ocrx_word' id='word_1_323' title='bbox 811 3489 850 3536; x_wconf 92' lang='lat' dir='ltr'><strong>inc</strong></span> <span class='ocrx_word' id='word_1_324' title='bbox 867 3488 986 3553; x_wconf 87' lang='lat' dir='ltr'><strong>ejusmodi</strong></span> <span class='ocrx_word' id='word_1_325' title='bbox 1008 3504 1090 3537; x_wconf 85' lang='lat' dir='ltr'><strong>servus</strong></span> <span class='ocrx_word' id='word_1_326' title='bbox 1110 3490 1238 3537; x_wconf 81' lang='lat' dir='ltr'><strong>vocabatur</strong></span> <span class='ocrx_word' id='word_1_327' title='bbox 1260 3506 1352 3539; x_wconf 84' lang='lat' dir='ltr'><strong>uomen-</strong></span> 
     </span>
     <span class='ocr_line' id='line_1_37' title="bbox 235 3553 877 3617; baseline 0.002 -17"><span class='ocrx_word' id='word_1_328' title='bbox 235 3553 276 3600; x_wconf 79' lang='lat'><strong>39.</strong></span> <span class='ocrx_word' id='word_1_329' title='bbox 293 3553 419 3614; x_wconf 81' lang='lat' dir='ltr'><strong>Mnucipiis</strong></span> <span class='ocrx_word' id='word_1_330' title='bbox 433 3554 531 3615; x_wconf 83' lang='lat' dir='ltr'><strong>locuples</strong></span> <span class='ocrx_word' id='word_1_331' title='bbox 542 3562 591 3617; x_wconf 78' lang='lat' dir='ltr'><strong>eget</strong></span> <span class='ocrx_word' id='word_1_332' title='bbox 607 3556 658 3600; x_wconf 77' lang='lat' dir='ltr'><strong>eris</strong></span> <span class='ocrx_word' id='word_1_333' title='bbox 670 3553 761 3613; x_wconf 83' lang='lat' dir='ltr'><strong>Cuppa—</strong></span> <span class='ocrx_word' id='word_1_334' title='bbox 794 3554 877 3601; x_wconf 83' lang='lat' dir='ltr'><strong>clutor.</strong></span> 
     </span>
     <span class='ocr_line' id='line_1_38' title="bbox 202 3613 1353 3689; baseline 0 -26"><span class='ocrx_word' id='word_1_335' title='bbox 202 3618 283 3663; x_wconf 82' lang='lat' dir='ltr'><strong>docum</strong></span> <span class='ocrx_word' id='word_1_336' title='bbox 298 3632 352 3664; x_wconf 80' lang='lat' dir='ltr'><strong>res:</strong></span> <span class='ocrx_word' id='word_1_337' title='bbox 368 3616 473 3681; x_wconf 86' lang='lat' dir='ltr'><strong>plurima</strong></span> <span class='ocrx_word' id='word_1_338' title='bbox 487 3616 620 3665; x_wconf 84' lang='lat' dir='ltr'><strong>incolarum</strong></span> <span class='ocrx_word' id='word_1_339' title='bbox 632 3614 759 3689; x_wconf 91' lang='lat' dir='ltr'><strong>Cappado-</strong></span> <span class='ocrx_word' id='word_1_340' title='bbox 824 3616 865 3663; x_wconf 77' lang='lat' dir='ltr'><strong>bl.</strong></span> <span class='ocrx_word' id='word_1_341' title='bbox 883 3615 986 3672; x_wconf 78' lang='lat' dir='ltr'><strong>Fodicst,</strong></span> <span class='ocrx_word' id='word_1_342' title='bbox 995 3614 1080 3663; x_wconf 87' lang='lat' dir='ltr'><strong>iterum</strong></span> <span class='ocrx_word' id='word_1_343' title='bbox 1091 3616 1225 3679; x_wconf 82' lang='lat' dir='ltr'><strong>iterumque</strong></span> <span class='ocrx_word' id='word_1_344' title='bbox 1238 3613 1353 3679; x_wconf 87' lang='lat' dir='ltr'><strong>impellat.</strong></span> 
     </span>
     <span class='ocr_line' id='line_1_39' title="bbox 203 3678 1353 3790; baseline -0.001 -63"><span class='ocrx_word' id='word_1_345' title='bbox 203 3680 247 3790; x_wconf 57' lang='lat' dir='ltr'><strong>cip</strong></span> <span class='ocrx_word' id='word_1_346' title='bbox 257 3694 312 3753; x_wconf 80' lang='lat' dir='ltr'><strong>pars</strong></span> <span class='ocrx_word' id='word_1_347' title='bbox 325 3680 422 3753; x_wconf 77' lang='lat' dir='ltr'><strong>luerunt</strong></span> <span class='ocrx_word' id='word_1_348' title='bbox 436 3681 507 3735; x_wconf 84' lang='lat' dir='ltr'><strong>servi,</strong></span> <span class='ocrx_word' id='word_1_349' title='bbox 518 3680 536 3728; x_wconf 89' lang='lat' dir='ltr'><strong>ii</strong></span> <span class='ocrx_word' id='word_1_350' title='bbox 553 3696 583 3754; x_wconf 78' lang='lat' dir='ltr'><strong>ue</strong></span> <span class='ocrx_word' id='word_1_351' title='bbox 595 3678 760 3790; x_wconf 56' lang='lat' dir='ltr'><strong>abjectissinp,</strong></span> <span class='ocrx_word' id='word_1_352' title='bbox 794 3679 824 3727; x_wconf 80' lang='lat' dir='ltr'><strong>Et</strong></span> <span class='ocrx_word' id='word_1_353' title='bbox 836 3688 912 3788; x_wconf 57' lang='lat' dir='ltr'><strong>mgpt,</strong></span> <span class='ocrx_word' id='word_1_354' title='bbox 925 3687 950 3754; x_wconf 77' lang='lat' dir='ltr'><strong>et</strong></span> <span class='ocrx_word' id='word_1_355' title='bbox 965 3686 988 3725; x_wconf 89' lang='lat' dir='ltr'><strong>te</strong></span> <span class='ocrx_word' id='word_1_356' title='bbox 999 3678 1091 3789; x_wconf 74' lang='lat' dir='ltr'><strong>inplitet,</strong></span> <span class='ocrx_word' id='word_1_357' title='bbox 1104 3689 1168 3727; x_wconf 77' lang='lat' dir='ltr'><strong>trous</strong></span> <span class='ocrx_word' id='word_1_358' title='bbox 1183 3680 1284 3739; x_wconf 72' lang='lat' dir='ltr'><strong>posidere</strong></span> <span class='ocrx_word' id='word_1_359' title='bbox 1299 3680 1353 3726; x_wconf 77' lang='lat' dir='ltr'><strong>dec·</strong></span> 
     </span>
     <span class='ocr_line' id='line_1_40' title="bbox 204 3744 1354 3877; baseline -0.002 -22"><span class='ocrx_word' id='word_1_360' title='bbox 204 3758 253 3855; x_wconf 61' lang='lat'><strong>31·</strong></span> <span class='ocrx_word' id='word_1_361' title='bbox 264 3744 531 3872; x_wconf 56' lang='lat' dir='ltr'><strong>tettc‘ltubul</strong></span> <span class='ocrx_word' id='word_1_362' title='bbox 554 3746 763 3869; x_wconf 57' lang='lat' dir='ltr'><strong>utitem</strong></span> <span class='ocrx_word' id='word_1_363' title='bbox 794 3750 1354 3877; x_wconf 54' lang='lat' dir='ltr'><strong>ttu,‚⁰?,tttm;zsst,te“ttzetuttt</strong></span> 
     </span>
     <span class='ocr_line' id='line_1_41' title="bbox 204 3868 1354 3935; baseline 0 -18"><span class='ocrx_word' id='word_1_364' title='bbox 204 3870 453 3933; x_wconf 78' lang='lat' dir='ltr'><strong>mancipiissedegeus</strong></span> <span class='ocrx_word' id='word_1_365' title='bbox 468 3875 536 3927; x_wconf 61' lang='lat' dir='ltr'><strong>criu</strong></span> <span class='ocrx_word' id='word_1_366' title='bbox 553 3870 714 3920; x_wconf 81' lang='lat' dir='ltr'><strong>undeCicem</strong></span> <span class='ocrx_word' id='word_1_367' title='bbox 729 3868 759 3917; x_wconf 85' lang='lat' dir='ltr'><strong>ad</strong></span> <span class='ocrx_word' id='word_1_368' title='bbox 791 3884 833 3935; x_wconf 88' lang='lat' dir='ltr'><strong>pro</strong></span> <span class='ocrx_word' id='word_1_369' title='bbox 853 3868 972 3933; x_wconf 74' lang='lat' dir='ltr'><strong>simplice,</strong></span> <span class='ocrx_word' id='word_1_370' title='bbox 989 3884 1107 3933; x_wconf 80' lang='lat' dir='ltr'><strong>prensare.</strong></span> <span class='ocrx_word' id='word_1_371' title='bbox 1149 3868 1216 3926; x_wconf 89' lang='lat' dir='ltr'><strong>Quid</strong></span> <span class='ocrx_word' id='word_1_372' title='bbox 1238 3884 1280 3933; x_wconf 91' lang='lat' dir='ltr'><strong>per</strong></span> <span class='ocrx_word' id='word_1_373' title='bbox 1313 3886 1354 3917; x_wconf 82' lang='lat' dir='ltr'><strong>cu·</strong></span> 
     </span>
     <span class='ocr_line' id='line_1_42' title="bbox 204 3885 1354 3999; baseline -0.001 -18"><span class='ocrx_word' id='word_1_374' title='bbox 204 3933 312 3981; x_wconf 80' lang='lat' dir='ltr'><strong>Atticum</strong></span> <span class='ocrx_word' id='word_1_375' title='bbox 322 3935 355 3990; x_wconf 86' lang='lat' dir='ltr'><strong>vi,</strong></span> <span class='ocrx_word' id='word_1_376' title='bbox 369 3936 392 3992; x_wconf 86' lang='lat' dir='ltr'><strong>l,</strong></span> <span class='ocrx_word' id='word_1_377' title='bbox 403 3934 434 3983; x_wconf 92' lang='lat' dir='ltr'><strong>de</strong></span> <span class='ocrx_word' id='word_1_378' title='bbox 451 3934 605 3999; x_wconf 86' lang='lat' dir='ltr'><strong>Cappadocia</strong></span> <span class='ocrx_word' id='word_1_379' title='bbox 616 3934 698 3999; x_wconf 76' lang='lat' dir='ltr'><strong>(Asiae</strong></span> <span class='ocrx_word' id='word_1_380' title='bbox 709 3932 759 3980; x_wconf 91' lang='lat' dir='ltr'><strong>Mi-</strong></span> <span class='ocrx_word' id='word_1_381' title='bbox 792 3935 848 3980; x_wconf 84' lang='lat' dir='ltr'><strong>dero</strong></span> <span class='ocrx_word' id='word_1_382' title='bbox 867 3932 1049 3998; x_wconf 80' lang='lat' dir='ltr'><strong>intelligendum</strong></span> <span class='ocrx_word' id='word_1_383' title='bbox 1070 3934 1109 3989; x_wconf 88' lang='lat' dir='ltr'><strong>sit,</strong></span> <span class='ocrx_word' id='word_1_384' title='bbox 1124 3933 1234 3981; x_wconf 85' lang='lat' dir='ltr'><strong>relictum</strong></span> <span class='ocrx_word' id='word_1_385' title='bbox 1246 3939 1283 3980; x_wconf 88' lang='lat' dir='ltr'><strong>est</strong></span> <span class='ocrx_word' id='word_1_386' title='bbox 1292 3885 1354 3980; x_wconf 70' lang='lat' dir='ltr'><strong>iivi-</strong></span> 
     </span>
     <span class='ocr_line' id='line_1_43' title="bbox 204 3995 1354 4064; baseline -0.002 -19"><span class='ocrx_word' id='word_1_387' title='bbox 204 3997 269 4045; x_wconf 88' lang='lat' dir='ltr'><strong>noris</strong></span> <span class='ocrx_word' id='word_1_388' title='bbox 280 3997 491 4064; x_wconf 82' lang='lat' dir='ltr'><strong>pmvincia),uilit</strong></span> <span class='ocrx_word' id='word_1_389' title='bbox 502 4000 623 4063; x_wconf 80' lang='lat' dir='ltr'><strong>illcregrw</strong></span> <span class='ocrx_word' id='word_1_390' title='bbox 632 4000 760 4059; x_wconf 72' lang='lat' dir='ltr'><strong>spatiosius,</strong></span> <span class='ocrx_word' id='word_1_391' title='bbox 793 3996 940 4044; x_wconf 87' lang='lat' dir='ltr'><strong>nationibus.</strong></span> <span class='ocrx_word' id='word_1_392' title='bbox 973 3997 1038 4045; x_wconf 86' lang='lat' dir='ltr'><strong>Hinc</strong></span> <span class='ocrx_word' id='word_1_393' title='bbox 1050 3996 1121 4045; x_wconf 77' lang='lat' dir='ltr'><strong>varin</strong></span> <span class='ocrx_word' id='word_1_394' title='bbox 1133 3997 1158 4043; x_wconf 93' lang='lat' dir='ltr'><strong>in</strong></span> <span class='ocrx_word' id='word_1_395' title='bbox 1176 3996 1221 4043; x_wconf 90' lang='lat' dir='ltr'><strong>hoc</strong></span> <span class='ocrx_word' id='word_1_396' title='bbox 1241 3995 1294 4043; x_wconf 88' lang='lat' dir='ltr'><strong>ioco</strong></span> <span class='ocrx_word' id='word_1_397' title='bbox 1312 4013 1354 4044; x_wconf 84' lang='lat' dir='ltr'><strong>ex·</strong></span> 
     </span>
     <span class='ocr_line' id='line_1_44' title="bbox 205 4058 1355 4171; baseline -0.003 -62"><span class='ocrx_word' id='word_1_398' title='bbox 205 4062 265 4109; x_wconf 75' lang='lat' dir='ltr'><strong>nibil</strong></span> <span class='ocrx_word' id='word_1_399' title='bbox 276 4078 330 4124; x_wconf 82' lang='lat' dir='ltr'><strong>rege</strong></span> <span class='ocrx_word' id='word_1_400' title='bbox 339 4065 452 4125; x_wconf 81' lang='lat' dir='ltr'><strong>egentius.</strong></span> <span class='ocrx_word' id='word_1_401' title='bbox 794 4059 906 4126; x_wconf 81' lang='lat' dir='ltr'><strong>plicando</strong></span> <span class='ocrx_word' id='word_1_402' title='bbox 917 4059 998 4107; x_wconf 76' lang='lat' dir='ltr'><strong>allate</strong></span> <span class='ocrx_word' id='word_1_403' title='bbox 1014 4066 1071 4108; x_wconf 90' lang='lat' dir='ltr'><strong>sunt</strong></span> <span class='ocrx_word' id='word_1_404' title='bbox 1086 4060 1116 4107; x_wconf 83' lang='lat' dir='ltr'><strong>eb</strong></span> <span class='ocrx_word' id='word_1_405' title='bbox 1127 4058 1292 4171; x_wconf 77' lang='lat' dir='ltr'><strong>interpretibus</strong></span> <span class='ocrx_word' id='word_1_406' title='bbox 1303 4058 1355 4123; x_wconf 93' lang='lat' dir='ltr'><strong>opi·</strong></span> 
     </span>
     <span class='ocr_line' id='line_1_45' title="bbox 238 4122 1355 4192; baseline -0.003 -20"><span class='ocrx_word' id='word_1_407' title='bbox 238 4125 278 4172; x_wconf 90' lang='grc'><strong>40.</strong></span> <span class='ocrx_word' id='word_1_408' title='bbox 296 4124 332 4172; x_wconf 88' lang='lat' dir='ltr'><strong>Ne</strong></span> <span class='ocrx_word' id='word_1_409' title='bbox 335 4128 416 4192; x_wconf 71' lang='lat' dir='ltr'><strong>jonis</strong></span> <span class='ocrx_word' id='word_1_410' title='bbox 426 4127 463 4173; x_wconf 80' lang='lat' dir='ltr'><strong>lic</strong></span> <span class='ocrx_word' id='word_1_411' title='bbox 474 4136 510 4182; x_wconf 85' lang='lat' dir='ltr'><strong>tu,</strong></span> <span class='ocrx_word' id='word_1_412' title='bbox 519 4140 551 4173; x_wconf 88' lang='lat' dir='ltr'><strong>ne</strong></span> <span class='ocrx_word' id='word_1_413' title='bbox 561 4133 597 4182; x_wconf 91' lang='lat' dir='ltr'><strong>tu,</strong></span> <span class='ocrx_word' id='word_1_414' title='bbox 607 4132 635 4173; x_wconf 91' lang='lat' dir='ltr'><strong>ut</strong></span> <span class='ocrx_word' id='word_1_415' title='bbox 645 4140 687 4174; x_wconf 86' lang='lat' dir='ltr'><strong>rex</strong></span> <span class='ocrx_word' id='word_1_416' title='bbox 697 4124 761 4188; x_wconf 87' lang='lat' dir='ltr'><strong>Cap·</strong></span> <span class='ocrx_word' id='word_1_417' title='bbox 795 4124 887 4172; x_wconf 88' lang='lat' dir='ltr'><strong>niones.</strong></span> <span class='ocrx_word' id='word_1_418' title='bbox 929 4123 1049 4171; x_wconf 83' lang='lat' dir='ltr'><strong>Ferrarius</strong></span> <span class='ocrx_word' id='word_1_419' title='bbox 1071 4122 1102 4172; x_wconf 88' lang='lat' dir='ltr'><strong>de</strong></span> <span class='ocrx_word' id='word_1_420' title='bbox 1125 4124 1164 4172; x_wconf 89' lang='lat' dir='ltr'><strong>Re</strong></span> <span class='ocrx_word' id='word_1_421' title='bbox 1201 4124 1256 4170; x_wconf 84' lang='lat' dir='ltr'><strong>⁷est.</strong></span> <span class='ocrx_word' id='word_1_422' title='bbox 1274 4122 1308 4177; x_wconf 92' lang='lat' dir='ltr'><strong>iii,</strong></span> <span class='ocrx_word' id='word_1_423' title='bbox 1330 4124 1355 4181; x_wconf 78' lang='lat'><strong>2,</strong></span> 
     </span>
     <span class='ocr_line' id='line_1_46' title="bbox 205 4184 1354 4254; baseline -0.003 -17"><span class='ocrx_word' id='word_1_424' title='bbox 205 4188 320 4253; x_wconf 68' lang='lat' dir='ltr'><strong>poderim,</strong></span> <span class='ocrx_word' id='word_1_425' title='bbox 337 4188 440 4254; x_wconf 85' lang='lat' dir='ltr'><strong>pecnnia</strong></span> <span class='ocrx_word' id='word_1_426' title='bbox 454 4189 557 4252; x_wconf 78' lang='lat' dir='ltr'><strong>egueris,</strong></span> <span class='ocrx_word' id='word_1_427' title='bbox 570 4188 627 4243; x_wconf 80' lang='lat' dir='ltr'><strong>sive,</strong></span> <span class='ocrx_word' id='word_1_428' title='bbox 643 4187 705 4237; x_wconf 83' lang='lat' dir='ltr'><strong>hauc</strong></span> <span class='ocrx_word' id='word_1_429' title='bbox 722 4202 762 4252; x_wconf 84' lang='lat' dir='ltr'><strong>pc·</strong></span> <span class='ocrx_word' id='word_1_430' title='bbox 795 4187 866 4251; x_wconf 87' lang='lat' dir='ltr'><strong>cujus</strong></span> <span class='ocrx_word' id='word_1_431' title='bbox 880 4186 1062 4251; x_wconf 80' lang='lat' dir='ltr'><strong>explicationem</strong></span> <span class='ocrx_word' id='word_1_432' title='bbox 1079 4186 1163 4236; x_wconf 87' lang='lat' dir='ltr'><strong>acriter</strong></span> <span class='ocrx_word' id='word_1_433' title='bbox 1179 4184 1286 4234; x_wconf 78' lang='lat' dir='ltr'><strong>defendit</strong></span> <span class='ocrx_word' id='word_1_434' title='bbox 1297 4186 1354 4243; x_wconf 83' lang='lat' dir='ltr'><strong>Fee,</strong></span> 
     </span>
     <span class='ocr_line' id='line_1_47' title="bbox 205 4249 1356 4323; baseline -0.001 -24"><span class='ocrx_word' id='word_1_435' title='bbox 205 4250 285 4299; x_wconf 79' lang='lat' dir='ltr'><strong>cunita</strong></span> <span class='ocrx_word' id='word_1_436' title='bbox 292 4252 416 4317; x_wconf 87' lang='lat' dir='ltr'><strong>penuriam</strong></span> <span class='ocrx_word' id='word_1_437' title='bbox 427 4260 455 4300; x_wconf 89' lang='lat' dir='ltr'><strong>tu</strong></span> <span class='ocrx_word' id='word_1_438' title='bbox 463 4252 563 4315; x_wconf 78' lang='lat' dir='ltr'><strong>fugeris!</strong></span> <span class='ocrx_word' id='word_1_439' title='bbox 582 4251 675 4302; x_wconf 84' lang='lat' dir='ltr'><strong>Ultima</strong></span> <span class='ocrx_word' id='word_1_440' title='bbox 686 4251 711 4299; x_wconf 90' lang='lat' dir='ltr'><strong>in</strong></span> <span class='ocrx_word' id='word_1_441' title='bbox 715 4251 763 4316; x_wconf 83' lang='lat' dir='ltr'><strong>fu·</strong></span> <span class='ocrx_word' id='word_1_442' title='bbox 796 4250 946 4323; x_wconf 75' lang='lat' dir='ltr'><strong>intelligebat</strong></span> <span class='ocrx_word' id='word_1_443' title='bbox 965 4254 1066 4311; x_wconf 83' lang='lat' dir='ltr'><strong>pondera</strong></span> <span class='ocrx_word' id='word_1_444' title='bbox 1088 4262 1153 4314; x_wconf 74' lang='lat' dir='ltr'><strong>tege,</strong></span> <span class='ocrx_word' id='word_1_445' title='bbox 1176 4249 1226 4298; x_wconf 84' lang='lat' dir='ltr'><strong>sive</strong></span> <span class='ocrx_word' id='word_1_446' title='bbox 1247 4250 1356 4298; x_wconf 84' lang='lat' dir='ltr'><strong>intimum</strong></span> 
     </span>
     <span class='ocr_line' id='line_1_48' title="bbox 204 4312 1357 4387; baseline -0.001 -24"><span class='ocrx_word' id='word_1_447' title='bbox 204 4319 250 4363; x_wconf 84' lang='lat' dir='ltr'><strong>eris</strong></span> <span class='ocrx_word' id='word_1_448' title='bbox 307 4316 404 4363; x_wconf 80' lang='lat' dir='ltr'><strong>rassin</strong></span> <span class='ocrx_word' id='word_1_449' title='bbox 431 4315 577 4380; x_wconf 87' lang='lat' dir='ltr'><strong>producitur.</strong></span> <span class='ocrx_word' id='word_1_450' title='bbox 620 4317 764 4379; x_wconf 77' lang='lat' dir='ltr'><strong>Cbtompdes,</strong></span> <span class='ocrx_word' id='word_1_451' title='bbox 797 4322 822 4387; x_wconf 83' lang='lat' dir='ltr'><strong>tp</strong></span> <span class='ocrx_word' id='word_1_452' title='bbox 869 4313 979 4386; x_wconf 77' lang='lat' dir='ltr'><strong>limbum,</strong></span> <span class='ocrx_word' id='word_1_453' title='bbox 991 4330 1039 4377; x_wconf 90' lang='lat' dir='ltr'><strong>quo</strong></span> <span class='ocrx_word' id='word_1_454' title='bbox 1051 4328 1137 4387; x_wconf 75' lang='lat' dir='ltr'><strong>mersus</strong></span> <span class='ocrx_word' id='word_1_455' title='bbox 1148 4314 1280 4386; x_wconf 77' lang='lat' dir='ltr'><strong>tegebatur.</strong></span> <span class='ocrx_word' id='word_1_456' title='bbox 1308 4312 1357 4362; x_wconf 89' lang='lat' dir='ltr'><strong>Sed</strong></span> 
     </span>
     <span class='ocr_line' id='line_1_49' title="bbox 208 4377 1357 4505; baseline -0.003 -14"><span class='ocrx_word' id='word_1_457' title='bbox 208 4378 763 4499; x_wconf 62' lang='lat' dir='ltr'><strong>‘¹¹¹ii.“r⁰0ii‡{l²,¹¹illll¹‡0¹iiiceueu‚vu</strong></span> <span class='ocrx_word' id='word_1_458' title='bbox 795 4377 1357 4505; x_wconf 45' lang='lat' dir='ltr'><strong>tumulltuiutuitu?tati</strong></span> 
     </span>
     <span class='ocr_line' id='line_1_50' title="bbox 210 4502 1357 4571; baseline -0.002 -17"><span class='ocrx_word' id='word_1_459' title='bbox 210 4504 296 4564; x_wconf 80' lang='lat' dir='ltr'><strong>edilis,</strong></span> <span class='ocrx_word' id='word_1_460' title='bbox 308 4521 383 4571; x_wconf 83' lang='lat' dir='ltr'><strong>aquo</strong></span> <span class='ocrx_word' id='word_1_461' title='bbox 396 4506 513 4555; x_wconf 87' lang='lat' dir='ltr'><strong>Lucullus</strong></span> <span class='ocrx_word' id='word_1_462' title='bbox 524 4514 620 4571; x_wconf 79' lang='lat' dir='ltr'><strong>rogatus</strong></span> <span class='ocrx_word' id='word_1_463' title='bbox 629 4505 714 4555; x_wconf 82' lang='lat' dir='ltr'><strong>fuerat.</strong></span> <span class='ocrx_word' id='word_1_464' title='bbox 798 4506 853 4555; x_wconf 88' lang='lat' dir='ltr'><strong>dem</strong></span> <span class='ocrx_word' id='word_1_465' title='bbox 865 4520 906 4569; x_wconf 89' lang='lat' dir='ltr'><strong>per</strong></span> <span class='ocrx_word' id='word_1_466' title='bbox 913 4506 1014 4566; x_wconf 82' lang='lat' dir='ltr'><strong>pondero</strong></span> <span class='ocrx_word' id='word_1_467' title='bbox 1026 4502 1133 4567; x_wconf 86' lang='lat' dir='ltr'><strong>intelligo</strong></span> <span class='ocrx_word' id='word_1_468' title='bbox 1148 4504 1239 4568; x_wconf 80' lang='lat' dir='ltr'><strong>quaevis</strong></span> <span class='ocrx_word' id='word_1_469' title='bbox 1257 4503 1357 4552; x_wconf 86' lang='lat' dir='ltr'><strong>molesta</strong></span> 
     </span>
     <span class='ocr_line' id='line_1_51' title="bbox 240 4565 1357 4680; baseline -0.004 -61"><span class='ocrx_word' id='word_1_470' title='bbox 240 4573 282 4627; x_wconf 79' lang='grc'><strong>45,</strong></span> <span class='ocrx_word' id='word_1_471' title='bbox 301 4571 343 4619; x_wconf 87' lang='grc'><strong>46.</strong></span> <span class='ocrx_word' id='word_1_472' title='bbox 360 4570 443 4625; x_wconf 83' lang='lat' dir='ltr'><strong>Erilis,</strong></span> <span class='ocrx_word' id='word_1_473' title='bbox 460 4570 538 4635; x_wconf 81' lang='lat' dir='ltr'><strong>inops,</strong></span> <span class='ocrx_word' id='word_1_474' title='bbox 556 4570 644 4625; x_wconf 87' lang='lat' dir='ltr'><strong>tenuis,</strong></span> <span class='ocrx_word' id='word_1_475' title='bbox 663 4576 692 4617; x_wconf 89' lang='lat' dir='ltr'><strong>ut</strong></span> <span class='ocrx_word' id='word_1_476' title='bbox 711 4584 768 4680; x_wconf 69' lang='lat' dir='ltr'><strong>sup.</strong></span> <span class='ocrx_word' id='word_1_477' title='bbox 800 4568 934 4622; x_wconf 83' lang='lat' dir='ltr'><strong>obstacula,</strong></span> <span class='ocrx_word' id='word_1_478' title='bbox 945 4566 1008 4615; x_wconf 87' lang='lat' dir='ltr'><strong>viam</strong></span> <span class='ocrx_word' id='word_1_479' title='bbox 1023 4565 1209 4639; x_wconf 61' lang='lat' dir='ltr'><strong>intersepieutie,</strong></span> <span class='ocrx_word' id='word_1_480' title='bbox 1220 4575 1286 4614; x_wconf 83' lang='lat' dir='ltr'><strong>usus</strong></span> <span class='ocrx_word' id='word_1_481' title='bbox 1301 4582 1357 4631; x_wconf 78' lang='lat' dir='ltr'><strong>qum</strong></span> 
     </span>
     <span class='ocr_line' id='line_1_52' title="bbox 210 4629 1358 4742; baseline -0.002 -61"><span class='ocrx_word' id='word_1_482' title='bbox 210 4632 259 4682; x_wconf 90' lang='lat' dir='ltr'><strong>Od.</strong></span> <span class='ocrx_word' id='word_1_483' title='bbox 274 4634 292 4693; x_wconf 91' lang='lat' dir='ltr'><strong>i,</strong></span> <span class='ocrx_word' id='word_1_484' title='bbox 309 4635 335 4691; x_wconf 85' lang='grc'><strong>4,</strong></span> <span class='ocrx_word' id='word_1_485' title='bbox 352 4634 480 4688; x_wconf 53' lang='lat' dir='ltr'><strong>limenio</strong></span> <span class='ocrx_word' id='word_1_486' title='bbox 499 4636 564 4682; x_wconf 78' lang='lat' dir='ltr'><strong>erilis</strong></span> <span class='ocrx_word' id='word_1_487' title='bbox 583 4634 703 4683; x_wconf 77' lang='lat' dir='ltr'><strong>Plutonia.</strong></span> <span class='ocrx_word' id='word_1_488' title='bbox 759 4644 769 4682; x_wconf 85' lang='lat' dir='ltr'><strong>t</strong></span> <span class='ocrx_word' id='word_1_489' title='bbox 801 4631 885 4682; x_wconf 83' lang='lat' dir='ltr'><strong>dextra</strong></span> <span class='ocrx_word' id='word_1_490' title='bbox 901 4630 1017 4742; x_wconf 71' lang='lat' dir='ltr'><strong>inclibnato</strong></span> <span class='ocrx_word' id='word_1_491' title='bbox 1037 4646 1131 4697; x_wconf 89' lang='lat' dir='ltr'><strong>corpore</strong></span> <span class='ocrx_word' id='word_1_492' title='bbox 1149 4629 1236 4697; x_wconf 75' lang='lat' dir='ltr'><strong>porrigi</strong></span> <span class='ocrx_word' id='word_1_493' title='bbox 1255 4629 1358 4679; x_wconf 87' lang='lat' dir='ltr'><strong>debebat</strong></span> 
     </span>
     <span class='ocr_line' id='line_1_53' title="bbox 802 4702 1006 4761; baseline 0.01 -19"><span class='ocrx_word' id='word_1_494' title='bbox 802 4702 952 4761; x_wconf 77' lang='lat' dir='ltr'><strong>pretereuntr</strong></span> <span class='ocrx_word' id='word_1_495' title='bbox 968 4708 1006 4744; x_wconf 85' lang='lat' dir='ltr'><strong>us.</strong></span> 
     </span>
    </p>
   </div>
   <div class='ocr_carea' id='block_1_6' title="bbox 0 0 1856 5892">
    <p class='ocr_par' dir='ltr' id='par_1_6' title="bbox 0 0 1856 5892">
     <span class='ocr_line' id='line_1_54' title="bbox 0 0 1856 5892; baseline 0 0"><span class='ocrx_word' id='word_1_496' title='bbox 0 0 1856 5892; x_wconf 95' lang='lat' dir='ltr'><strong> </strong></span> 
     </span>
    </p>
   </div>
  </div>
 </body>
</html>
