3659 5892
663 551 830 619 LIBER
852 553 898 633 11,
921 557 952 619 2.

308 704 455 783 Tollam;
477 725 537 769 nec
551 714 691 768 metuam
705 706 786 789 quid
802 705 843 771 de
857 727 908 770 me
919 705 1047 791 judicet
1060 704 1177 783 haeres,

310 808 411 882 Quod
426 828 492 871 non
506 804 601 890 plura
614 807 701 871 datis
714 808 890 886 invenerit3
913 818 947 872 et
961 818 1068 873 tamen
1082 809 1169 873 idem

308 910 400 974 Scire
413 908 529 987 volam,
542 919 700 991 quantum
715 909 853 994 simplex
865 908 1043 993 hilarisque
1058 910 1170 994 nepoti

309 1011 497 1097 Discrepet‚
512 1022 547 1075 et
561 1022 718 1096 quantum
732 1011 900 1077 discordet
913 1033 1033 1096 parcus
1048 1032 1157 1075 avaro.

225 1113 287 1177 195
309 1112 422 1177 Distat
436 1114 532 1190 enim,
548 1134 684 1197 spargas
698 1121 756 1176 tua
769 1112 939 1198 prodigus,
955 1134 998 1175 an
1013 1134 1118 1197 neque
1134 1122 1275 1177 sumtum

308 1214 433 1279 invitus
447 1214 560 1292 facias,
575 1236 682 1299 neque
696 1214 792 1298 plura
805 1236 923 1298 parare
937 1214 1086 1292 labores3

307 1314 360 1381 Ac
374 1318 497 1401 potius,
512 1339 595 1402 puer
608 1326 647 1380 ut
661 1315 754 1381 festis
768 1316 1021 1400 quinquatribus
1036 1314 1123 1393 olim,

307 1417 441 1504 Exiguo
455 1430 615 1505 gratoque
629 1417 749 1483 fruaris
763 1428 911 1501 tempore
926 1418 1056 1501 raptim.

254 1578 257 1581 ,
308 1518 499 1605 Pauperies,
513 1519 679 1585 immunde
693 1519 821 1597 domus,
835 1518 951 1603 procul
966 1518 1069 1585 absit:
1092 1536 1166 1602 ego,
1182 1526 1292 1582 utrum

219 1619 285 1684 200
304 1620 401 1687 Nave
414 1622 501 1690 ferar
514 1644 632 1708 magna
644 1644 686 1685 an
700 1642 812 1705 parva,
827 1619 915 1685 ferar
929 1642 1014 1684 unus
1029 1629 1063 1684 et
1076 1619 1174 1683 idem.

305 1723 385 1789 Non
400 1726 526 1810 agimur
540 1723 672 1789 tumidis
686 1722 766 1787 velis
780 1719 945 1806 Aquilone
963 1720 1126 1799 secund03

305 1824 385 1890 Non
399 1836 507 1891 tamen
522 1825 667 1891 adversis
682 1834 812 1889 oetatem
826 1823 975 1889 ducimus
990 1821 1124 1888 Austris
1137 1848 1145 1901 ;

219 2024 298 2083 malit,
319 2040 393 2092 qssm
415 2026 535 2093 possidete
559 2026 659 2093 pinguia
679 2026 781 2077 Herodis
812 2027 1138 2092 mnaluinununquodqus
1147 2025 1372 2088 conuenerant·

219 2090 333 2156 pslmets.
370 2092 451 2155 Ungi:
463 2107 496 2139 ua
530 2092 601 2149 entis,
613 2092 779 2141 utsstisoon·
811 2091 1005 2149 utinensem
1026 2104 1179 2156 unoquoque,
1197 2104 1268 2155 quem
1283 2089 1309 2138 iu
1324 2088 1374 2137 vita

219 2162 276 2212 stst,
286 2154 361 2205 nitere
371 2154 482 2205 solebant
489 2106 645 2220 eligantiora
657 2164 682 2206 et
692 2171 779 2205 renus-
811 2154 939 2205 comitatus
953 2164 997 2211 est.
1016 2156 1077 2206 redit
1094 2170 1122 2205 eo
1137 2153 1201 2203 unde
1216 2153 1304 2202 missus
1317 2160 1372 2203 est:

218 2218 300 2269 tiores.
811 2221 837 2276 t,
857 2220 990 2277 dissutilis,
1008 2222 1074 2269 uitus
1091 2230 1113 2269 st
1131 2227 1189 2275 utsr,
1206 2217 1280 2267 iratus
1300 2226 1337 2267 est
1352 2216 1374 2265 si

255 2284 311 2332 tos.
328 2284 427 2333 Haedis
435 2286 539 2346 quinem
554 2286 690 2357 qs'ngtts'tus.
721 2283 780 2331 Pal·
812 2282 885 2333 homo
895 2292 1019 2349 repugnat.
1032 2284 1096 2333 mitis
1111 2282 1132 2333 si
1147 2282 1254 2331 homose
1267 2282 1316 2347 regi
1330 2296 1373 2349 pa-

219 2358 289 2405 nsta,
313 2347 369 2396 loca
389 2347 474 2413 palmis
496 2356 589 2397 constts
609 2351 652 2411 (ut
672 2356 780 2411 myrteto,
812 2346 879 2396 timr.

217 2412 348 2475 querceto),
357 2427 412 2485 que
423 2411 540 2467 Herodes,
548 2426 589 2461 res
600 2410 703 2467 Judsess,
712 2410 738 2459 in
745 2426 781 2461 ta-
847 2413 903 2460 190.
924 2412 994 2469 Utar,
1005 2412 1078 2465 fruar,
1089 2424 1124 2459 sc.
1135 2409 1253 2475 quesitis.

219 2476 290 2539 gisae
297 2475 329 2525 sd
340 2476 521 2525 Hierichuntem
531 2476 643 2533 habebat,
652 2474 685 2524 ad
694 2475 781 2542 pretio·
847 2477 903 2524 191.
922 2475 970 2524 Nee
980 2485 1088 2532 metuam,
1102 2488 1146 2523 nec
1156 2474 1253 2523 curabo.

194 2550 198 2555 ’
219 2539 326 2589 sissimus
346 2540 601 2605 prumtissimssque
622 2538 782 2604 possessiones
848 2540 985 2589 tut-let.
1009 2540 1063 2587 Non
1080 2540 1152 2601 ptura
1167 2540 1244 2587 datis:
1265 2536 1313 2593 vel,
1325 2550 1373 2585 nou

219 2603 409 2669 pertinuissmr
421 2603 530 2669 hooipso
542 2603 621 2651 locos
693 2612 712 2652 t.
734 2604 781 2652 Di·
814 2603 884 2668 plura
900 2602 1000 2679 iisque
1015 2602 1074 2651 mihi
1089 2602 1155 2659 deta,
1169 2617 1213 2651 nec
1228 2610 1373 2650 amsancti

219 2678 309 2716 cuntur
322 2671 431 2743 pinguis,
447 2670 486 2717 vel
501 2670 533 2717 ob
548 2618 704 2732 ophim,
733 2666 782 2716 uod
813 2667 1022 2743 suntqplunmam
1038 2670 1228 2729 bonorumque
1239 2664 1375 2730 possidebat

219 2747 308 2795 magno
320 2741 395 2799 pretio
404 2731 558 2788 vendebatur,
570 2730 682 2797 copiam
695 2684 734 2781 vel
750 2732 782 2781 ob
813 2732 936 2789 Horatius,
954 2739 1044 2796 psrtem
1061 2733 1154 2778 dedu-ot
1170 2732 1302 2784 lttmcsnas,
1319 2744 1374 2794 sup.

221 2796 319 2862 pinguis
337 2796 389 2859 agri
406 2795 594 2853 iucunditatem,
605 2804 633 2844 ut
648 2796 710 2845 lorti
725 2800 780 2858 pin-
813 2794 891 2860 Epod.
905 2798 928 2851 l,
943 2798 973 2844 31
991 2797 1053 2844 Setis
1065 2810 1175 2857 superque
1192 2810 1227 2841 ms
1245 2796 1374 2855 benignitus

217 2876 275 2923 guas
296 2860 361 2926 apud
381 2860 449 2923 virg.
469 2862 532 2910 Gso.
553 2859 587 2915 ir,
612 2861 667 2916 118,
685 2863 782 2923 pinguis
812 2868 855 2906 tuu
873 2860 1001 2922 Diuum
1029 2859 1135 2915 selmon
1155 2858 1224 2923 plura
1241 2857 1270 2905 iis
1284 2872 1340 2922 qua
1360 2871 1375 2905 s

223 2925 402 2990 Phrygiusup.
414 2923 464 2974 Od.
476 2925 502 2980 ii,
516 2924 609 2979 1222.
812 2937 851 2972 me
869 2925 926 2971 datu
946 2932 1003 2971 sunt
1018 2936 1074 2971 cum
1093 2922 1204 2971 viverem.
1248 2922 1279 2969 Et
1299 2931 1374 2969 tamen

255 2990 311 3037 185.
336 2989 493 3050 importunus,
519 2986 642 3044 molestus,
663 3002 779 3044 morosus,
813 2989 871 3034 iden
882 2986 1044 3036 Scinasium:
1060 2995 1085 3036 et
1096 2995 1175 3035 tamen
1187 2986 1249 3035 idem
1264 3000 1309 3048 ego
1320 3000 1373 3049 pro·

219 3050 334 3101 difficilis.
367 3055 405 3101 Ad
419 3054 525 3100 umbrans
542 3054 600 3099 lueis
617 3054 647 3098 sb
664 3060 732 3098 ortu:
750 3052 782 3099 ab
813 3050 896 3098 butum
907 3051 956 3108 ibo,
966 3066 1005 3101 nte
1015 3051 1075 3100 scire
1086 3059 1110 3099 et
1126 3050 1247 3105 didicisse,
1257 3056 1373 3124 quantum

220 3116 279 3163 solis
300 3124 353 3164 ortu
374 3132 451 3181 usqm
473 3116 503 3165 sd
523 3116 577 3180 ojus
596 3129 717 3169 οοιιιιιιιιι,
740 3130 782 3181 per
812 3114 985 3164 homoinvitss
995 3114 1148 3191 simplicitate
1162 3124 1187 3165 et
1202 3114 1321 3163 hilaritate
1332 3128 1373 3161 ac-

219 3178 284 3228 diem
301 3180 420 3229 solidum:
443 3196 497 3244 sup.
512 3182 563 3227 Sat
581 3179 599 3233 i,
618 3181 642 3233 4,
663 3181 705 3235 ⁸29,
727 3196 781 3227 sur·
812 3178 940 3243 quiescens
956 3178 1082 3245 aprodtgo
1099 3187 1123 3227 et
1139 3178 1270 3233 luxurioso,
1282 3186 1306 3227 at
1317 3192 1373 3226 sva-

217 3254 288 3305 gsnts
304 3262 320 3292 u
338 3247 385 3293 sote
397 3247 429 3292 ud
442 3261 503 3299 eun,
514 3260 558 3307 quo
571 3242 704 3305 Vespasiae
723 3253 782 3305 tepet
813 3242 1296 3309 russbhomineparcevireutedilierat.
1320 3242 1372 3291 Ho-

266 3310 271 3320 '
812 3306 886 3354 rstius
901 3307 974 3370 igitur
989 3308 1093 3356 madium
1110 3306 1171 3355 inter
1189 3315 1316 3371 utrumque
1335 3306 1374 3354 vel

256 3373 312 3421 136.
327 3372 419 3433 Agrum
434 3373 568 3427 siluestrssn,
581 3370 689 3419 sentibus
703 3378 729 3419 et
738 3387 779 3419 ve·
812 3385 909 3419 auream
921 3370 1106 3421 mediocritatem
1120 3371 1188 3435 sequi
1207 3370 1268 3419 vult.
1300 3369 1372 3418 Simi-

220 3433 304 3500 pribus
324 3434 438 3483 obsitum.
480 3435 600 3489 Flammis,
621 3434 781 3483 comburendo
812 3434 867 3482 liter
875 3450 930 3501 sup.
942 3434 1020 3501 Epod.
1033 3436 1098 3492 l,32
1137 3437 1373 3499 q.‚ltendpursoero‚

220 3514 251 3547 ea
271 3514 327 3563 qua
347 3498 492 3547 fertilitatem
518 3498 661 3562 impediunt.
699 3499 780 3556 Ferro,
815 3498 882 3551 Quod
900 3508 952 3557 aut,
971 3516 1054 3548 usurus
1071 3510 1098 3547 ut
1137 3502 1229 3554 irenes.
1242 3508 1304 3548 terro
1318 3516 1371 3560 pre·

220 3573 303 3613 mtto.
336 3564 441 3627 Mittgst,
458 3562 560 3616 molliat,
577 3561 657 3610 domat
673 3562 715 3625 (ut
729 3578 780 3611 rus·
812 3578 881 3618 must,
893 3564 1026 3612 Diseinetus
1036 3566 1180 3627 uutpsrdum
1190 3573 1302 3625 atnepos.

219 3630 265 3675 tris
284 3638 371 3676 tet-ram
386 3630 477 3675 demun
491 3642 507 3675 a
523 3626 557 3674 ud
576 3626 645 3698 Virq.
665 3626 727 3674 AEu.
746 3626 780 3685 is,
847 3627 902 3675 197.
920 3628 1114 3691 Quinquatribus.
1138 3628 1296 3701 Quinquatria
1307 3625 1372 3691 (um,

219 3691 294 3753 603),
312 3689 454 3740 imcuadnm
514 3689 574 3738 dat:
604 3689 658 3738 Cic.
675 3689 707 3738 de
721 3691 780 3740 Nat.
812 3690 1124 3751 oram),diasiestietlrati
1137 3690 1372 3741 inlittnervaenste-

221 3755 296 3803 Deos.
308 3754 335 3811 ii,
351 3756 394 3811 53,
411 3754 485 3803 Indus
497 3771 558 3812 vero,
578 3758 619 3816 qui
635 3757 781 3803 estensium
812 3753 843 3803 lis
861 3754 972 3803 honorem
991 3754 1121 3815 celebmti3
1139 3762 1172 3811 et,
1182 3754 1242 3867 qiuis
1259 3754 1284 3803 id
1302 3755 1374 3805 fiebat

214 3818 344 3884 Μυκη
359 3822 537 3876 maimonem
552 3835 613 3881 aqua
627 3819 700 3865 solum
714 3833 781 3881 egres
863 3820 923 3882 quin
941 3834 972 3867 ue
988 3816 1049 3875 dies,
1061 3819 1098 3867 vel
1114 3828 1168 3885 post
1208 3834 1247 3869 sm
1261 3818 1373 3884 quintum

221 3885 354 3948 tetsfiestet
364 3884 640 3947 attigasmdetianeoe
649 3884 755 3936 merit.
811 3832 915 3955 iditum·
960 3882 1083 3939 ertisrum,
1109 3886 1269 3947 quinquatria,
1296 3884 1370 3933 dictis

256 3947 394 3997 tet-las.
402 3948 451 3994 Scit
463 3946 560 4001 Genium,
570 3953 627 3993 cett.
637 3945 706 3993 locus
715 3946 779 3994 elas·
811 3944 861 3994 vtd.
869 3945 942 3995 Ovrd.
953 3947 1018 3995 Fast.
1029 3946 1065 4003 iii,
1082 3948 1130 3997 809
1141 3963 1195 4012 sqq.
1229 3948 1336 3997 Fuerunt
1346 3947 1373 3997 hi

220 4011 287 4060 sicus
302 4011 333 4059 de
353 4010 427 4059 Genio
433 4028 443 4067 ,·
459 4024 515 4058 nem
532 4008 591 4073 quid
605 4008 779 4058 senserintsta·
811 4008 863 4059 dies
886 4010 967 4075 pueris
992 4010 1119 4075 gratissimi
1144 4010 1371 4077 jucundissimique,

220 4076 357 4140 tussimque
366 4084 456 4123 veteres
465 4074 496 4122 de
513 4072 559 4122 hoc
575 4073 630 4128 deo,
640 4072 718 4121 tribus
727 4089 778 4122 ver·
811 4073 878 4136 quia,
894 4073 971 4123 donec
989 4079 1139 4139 quinquatria
1160 4074 1286 4133 durabant,
1307 4077 1371 4126 teria

219 4138 288 4189 sibus
301 4136 630 4204 complexusestiiorstius:
650 4137 779 4192 noenius
810 4138 837 4186 ia
847 4138 1020 4188 scholisemnt.
1044 4138 1373 4205 Copiosetlequinquutritus

220 4203 350 4259 hominem,
368 4202 409 4252 cui
427 4201 522 4250 additus
537 4209 574 4249 est
588 4215 676 4257 comes,
690 4201 781 4265 ubique
811 4200 943 4268 disputem
962 4205 1041 4253 Marc.
1061 4205 1172 4252 Donatus
1190 4203 1221 4252 sd
1240 4204 1293 4254 Liv.
1313 4206 1370 4262 xliv,

265 4268 351 4315 uiturt
383 4268 411 4321 3,
438 4268 535 4314 Astron
555 4266 635 4313 neuls
660 4276 781 4327 umpsrut,
811 4267 852 4316 33.
882 4268 954 4324 Olim,
964 4268 1068 4333 exempli
1077 4283 1158 4324 eausa,
1170 4284 1222 4325 uos,
1233 4278 1372 4335 stuotsup.

220 4328 781 4444 coustitutum?
811 4330 983 4443 ttulit·
999 4342 1027 4380 '⁸‘
1041 4335 1119 4394 ''m'‘
1133 4335 1372 4384 ⁰²³'”³“''‘⁰'“““‘⁰

351 4432 359 4453 ,
443 4411 452 4441 ι
674 4408 680 4420 ·
772 4430 779 4450 ,
882 4412 892 4442 s
963 4412 975 4441 o
1011 4428 1018 4442 .

239 4476 278 4507 ue
297 4459 423 4523 affulgem,
441 4409 603 4522 promoretpet
616 4428 728 4520 edjuiat:
753 4460 779 4513 3,
845 4459 901 4507 193.
920 4410 1029 4520 nuptiis:
1048 4474 1101 4523 sup.
1114 4459 1192 4524 Epod.
1206 4462 1245 4517 13,
1258 4462 1282 4517 3,
1294 4462 1318 4516 4,
1331 4478 1371 4508 ra-

221 4475 322 4572 ilatum
330 4526 386 4571 deest
398 4524 512 4571 lunum:
523 4520 582 4570 mira
591 4520 643 4569 linc
654 4522 727 4569 verba
736 4536 779 4570 er·
810 4524 899 4585 piensus
910 4525 979 4571 urrici
990 4524 1132 4571 Occasionem
1143 4526 1171 4573 ds
1181 4527 1228 4572 die.

238 4588 330 4646 licant;
346 4585 547 4652 simplicissimum
564 4592 631 4650 puto,
648 4583 708 4634 deus
726 4584 780 4649 qui·
847 4588 989 4637 les-204..
1011 4587 1134 4642 Horatius,
1158 4588 1213 4637 vitm
1234 4586 1372 4638 felicitatem

279 4686 286 4706 ,
304 4650 348 4702 sed
367 4650 480 4699 hnmana
492 4656 593 4705 nature,
613 4648 640 4696 h.
659 4664 682 4697 e.
702 4648 781 4705 morti,
812 4649 974 4699 mediocritate
984 4650 1093 4707 metiens,
1105 4650 1140 4699 uti
1157 4667 1204 4700 non
1218 4651 1371 4717 exsplendes-

223 4730 292 4779 equs
302 4712 605 4779 atqneltomo,obnoxius;
621 4712 678 4762 hinc
688 4712 783 4763 additur
814 4728 868 4765 esre
884 4713 1019 4763 divitiarum
1037 4716 1114 4781 copis,
1126 4715 1159 4763 ita
1169 4732 1218 4765 non
1232 4730 1294 4765 sava
1312 4730 1371 4783 psu-
