3659 5892
620 558 837 635 LIBERI,
866 559 913 622 18.
1284 558 1344 621 491

282 718 335 783 Te
350 717 434 781 duce
450 736 509 802 per
523 736 644 800 pueros
657 711 770 778 hostili
784 734 873 778 more
889 710 1047 788 refertum

283 817 503 884 Adversarius
517 828 569 881 est
582 815 701 893 frater,
723 815 826 892 lacus,
842 813 966 892 Adria3
989 814 1093 879 donec

284 920 490 986 Alterutrum
504 918 599 983 velox
613 918 749 983 victoria
761 916 878 981 l'ronde
893 927 1037 981 coronet.

220 1026 264 1091 65
285 1023 479 1088 Consentire
495 1022 562 1085 suis
578 1020 695 1085 studiis
710 1020 767 1102 qui
781 1017 959 1085 crediderit
974 1028 1018 1094 te,

283 1124 408 1189 Fautor
422 1135 561 1208 utroque
577 1133 668 1187 tuum
681 1120 830 1186 laudabit
843 1118 960 1204 pollice
975 1118 1099 1183 ludum.

288 1226 451 1291 Protenus
466 1236 504 1290 ut
513 1246 661 1289 moneam
676 1223 716 1305 (si
731 1223 812 1307 quid
826 1222 994 1286 monitoris
1009 1242 1087 1306 eges
1102 1220 1164 1305 tu),

285 1327 377 1401 Quid
392 1327 435 1391 de
450 1348 581 1411 quoque
592 1326 673 1402 viro,
688 1336 723 1390 et
738 1326 790 1389 cui
805 1325 908 1402 dicas,
925 1346 1013 1409 saepe
1028 1323 1155 1389 videto:

286 1429 553 1495 Percontetorem
568 1427 684 1512 fugito,
700 1448 775 1491 nom
784 1424 934 1511 garrulus
950 1426 1038 1491 idem
1052 1436 1115 1503 eat,

221 1532 265 1596 70
285 1530 359 1595 Nec
374 1532 515 1595 retinent
529 1528 651 1614 patulae
665 1529 836 1593 commissa
850 1528 993 1593 fideliter
1007 1550 1122 1605 aures;

285 1632 333 1697 Et
348 1630 448 1696 semel
461 1631 616 1695 emissum
629 1629 716 1695 volat
731 1628 941 1695 irrevocabile
956 1631 1101 1695 verbum.

285 1734 365 1799 Non
380 1732 496 1797 ancille
510 1743 608 1796 tuum·
613 1734 709 1818 jecur
722 1732 847 1797 ulceret
865 1732 942 1810 ulle,
958 1755 1091 1817 puerve,

285 1834 376 1899 lnter
391 1857 605 1899 marmoreum
619 1834 795 1899 venerandi
808 1832 907 1899 limen
922 1836 1015 1899 amici
1028 1862 1035 1913 3

287 1936 342 2001 Ne
357 1937 508 2001 dominus
523 1935 652 2021 pulchri
666 1936 762 2021 pueri
775 1958 900 2001 caraeve
912 1934 1031 2021 puellae

225 2039 267 2103 75
289 2037 430 2103 Munere
445 2048 477 2102 te
492 2060 595 2123 parvo
609 2039 697 2115 beet,
713 2047 770 2102 aut
785 2038 1006 2102 incommodus
1022 2050 1131 2123 angat.

289 2139 429 2214 Qualem
442 2139 658 2216 commender,
674 2140 771 2203 etiem
786 2148 884 2224 atque
898 2141 996 2204 etiam
1011 2140 1156 2225 adspice,
1172 2163 1212 2207 ne
1228 2164 1304 2208 mox

287 2243 452 2308 Incutiant
465 2241 570 2305 aliena
585 2242 644 2305 tibi
659 2251 796 2325 peccata
809 2240 980 2324 pudorem.

286 2344 453 2420 Fallimur,
469 2353 503 2408 et
517 2343 681 2426 quondam
694 2364 759 2407 non
775 2344 910 2427 dignum
925 2344 1103 2408 tradimus:
1127 2366 1206 2429 ergo

288 2446 397 2519 Quem
412 2468 472 2509 sun
485 2445 583 2529 culpe
595 2456 733 2530 premet,
750 2444 909 2529 deceptus
925 2446 1037 2510 omitte
1052 2446 1137 2510 tueri
1150 2472 1158 2525 3

234 2617 276 2665 60.
305 2616 409 2680 Nugart,
432 2624 461 2665 ut
480 2630 534 2680 sup.
556 2616 607 2664 Sat.
625 2613 653 2670 ii,
673 2616 695 2670 1,
719 2615 760 2671 7³,
793 2625 816 2663 et
832 2632 895 2665 certo
908 2616 991 2677 pollice
1007 2615 1100 2681 uulgus,
1121 2616 1199 2671 Quart
1217 2618 1281 2675 litet,
1296 2622 1354 2667 occi·

201 2679 321 2793 iiuelllltlr
335 2679 427 2729 lum·
459 2678 500 2728 Sic
516 2679 696 2745 Gmwri’mp·
709 2680 761 2729 sat·
793 2681 1053 2792 wammam
1074 2760 1174 2791 moneam
1208 2753 1235 2794 ul
1257 2746 1356 2797 ulterius

220 2781 341 2858 'ci-ta
358 2810 470 2858 Partitur
482 2810 571 2863 lintres,
583 2822 637 2872 sqq.
670 2808 761 2865 Quem-
794 2805 1136 2872 progrediariutemouendo.
1177 2779 1183 2800 ⁸

201 2872 329 2921 admodum
343 2890 403 2939 puer
413 2872 535 2922 Ancarius
552 2872 577 2920 in
595 2872 707 2919 honorem
723 2871 762 2919 avi
826 2873 868 2920 70.
890 2873 966 2921 darer
983 2874 1080 2935 potale.
1103 2879 1211 2937 patentes
1232 2874 1356 2924 audiendis

203 2937 317 2986 Anchise
327 2954 382 2987 curn
392 2937 478 3003 puerili
487 2936 581 3000 agmine
590 2945 699 3000 equeetm
710 2950 761 2983 cer-
794 2936 979 2991 narrationibus,
991 2952 1053 3001 quae
1069 2936 1126 2994 illae,
1139 2936 1197 3001 quia
1213 2938 1283 2987 timul
1301 2950 1357 2989 aunt

201 3008 289 3057 tamen,
301 3001 352 3051 eive
368 3004 450 3050 ludum
468 3001 604 3063 Trp'anam,
615 2998 681 3064 apud
693 2999 762 3063 Virg.
794 3003 890 3057 rimone,
901 3008 928 3049 ut
939 3000 1087 3065 garrulonrm
1103 3016 1172 3050 auree
1185 3002 1299 3052 Horatius
1314 3021 1355 3053 vo-

203 3067 263 3115 AEn.
275 3082 299 3122 v,
311 3067 367 3121 640,
385 3067 444 3124 604,
461 3064 582 3125 instituit,
601 3066 636 3113 ita
649 3063 763 3127 nuncju·
795 3073 836 3112 cat
851 3079 905 3130 cup.
918 3066 968 3113 Sat.
985 3065 1010 3120 ii,
1028 3066 1053 3122 6,
1066 3067 1107 3122 46,
1124 3066 1224 3117 retinere
1238 3084 1286 3117 non
1301 3084 1356 3135 poe·

201 3131 269 3179 venis
278 3129 405 3179 Lolllarin
417 3130 531 3181 honorem
547 3128 651 3193 Augusti
664 3128 763 3177 rimula·
796 3135 862 3176 sunt.

202 3210 271 3243 crum
286 3194 380 3243 uvalis
396 3210 483 3259 pugne
494 3193 602 3243 Actiaca
613 3192 639 3240 iu
650 3192 709 3241 villa
719 3208 765 3241 sua
829 3193 870 3241 71.
888 3192 921 3241 Et
936 3196 1003 3241 muel
1016 3197 1120 3243 eminam
1133 3196 1196 3243 color
1212 3199 1358 3245 irrevocabile

202 3267 302 3322 paterna
323 3267 482 3324 rapraecentct.
517 3257 579 3317 Quis
601 3257 627 3305 in
645 3256 764 3305 hocloco
795 3257 1011 3307 mlamteaudcm
1020 3258 1357 3325 sententiemcrprcetitHor.

203 3336 251 3371 uon
268 3322 397 3371 admiretur
415 3338 536 3377 summam.
550 3330 633 3377 ortem,
647 3336 697 3385 quc
711 3322 762 3369 llo·
795 3320 839 3370 iul.
852 3320 877 3369 in
889 3320 968 3432 Epist.
979 3320 1009 3369 ad
1022 3322 1072 3371 Pie.
1084 3325 1142 3377 390,
1154 3328 1277 3373 cercuros
1290 3329 1357 3374 urica

202 3386 276 3435 retine
292 3386 318 3435 iu
335 3387 380 3435 hac
397 3387 506 3453 Epistola
522 3386 553 3435 ad
570 3385 676 3436 Lollium
696 3386 765 3451 παρὰ
796 3390 890 3435 reverti.
930 3388 976 3434 olat
988 3389 1094 3435 verbum:
1106 3388 1210 3438 cilum
1223 3388 1357 3456 rrrpdevra

204 3450 359 3515 προσδοκίαν
370 3467 418 3500 rem
436 3451 520 3517 tangit,
532 3451 604 3499 cu'ua
618 3451 731 3499 memoria
741 3459 766 3498 et
797 3450 860 3515 apud
872 3452 1013 3499 Homerum.

204 3516 339 3564 natatione
347 3514 546 3589 nihilquicquam
555 3466 666 3578 »iugum
674 3522 766 3579 poterat
829 3515 870 3562 tr.
885 3516 958 3564 Jecur
969 3516 1064 3563 ulcern.
1097 3516 1169 3563 Jecur
1183 3531 1226 3581 pm
1237 3517 1357 3567 tedelibi-

202 3594 254 3629 eeac
275 3578 371 3628 dulcius
390 3590 464 3644 atque
476 3578 620 3654 jucundius.
654 3579 766 3627 Partitur
797 3578 1015 3638 dinithebebntu13
1058 3580 1098 3627 ulo
1108 3578 1274 3645 ioediueigitur
1276 3586 1356 3645 Jecur,

206 3645 302 3692 lintres:
319 3644 382 3709 apud
395 3644 534 3708 Virgilium,
546 3644 565 3693 1.
581 3644 600 3691 l.
611 3659 634 3693 r.
646 3644 703 3700 562,
715 3646 765 3707 Ag·
797 3643 863 3708 quod
887 3653 990 3708 occupat
1015 3644 1032 3691 1ι
1050 3643 1098 3701 ido,
1121 3646 1222 3693 ulcerari
1250 3644 1358 3709 dicitur;

202 3711 263 3757 mine
271 3709 475 3773 pcrtitcsulgeat.
508 3706 766 3772 &ratracezpncrie
798 3707 854 3757 hinc
873 3724 928 3772 rup.
949 3707 997 3756 0d.
1017 3708 1034 3764 i,
1052 3710 1092 3766 23,
1117 3710 1155 3762 15.
1176 3710 1359 3762 libido-Savia

204 3772 374 3839 comcriptuc3
397 3772 505 3837 requitur
526 3773 590 3822 euim
611 3788 653 3833 prr
676 3787 766 3831 pueros.
797 3776 860 3821 clrcc
863 3776 936 3834 jecur
946 3774 1081 3822 ulcerosum.
1111 3773 1208 3827 Puerue,
1221 3788 1301 3823 verna.

203 3838 274 3885 Actia
289 3838 515 3903 pugna-refertur,
532 3836 630 3901 geritur,
646 3834 682 3883 uti
701 3845 768 3899 geete
831 3836 871 3893 74,
885 3838 926 3886 76.
944 3836 980 3885 Na
996 3840 1100 3885 dominat
1113 3840 1190 3899 pueri,
1209 3846 1265 3887 cett.
1298 3842 1358 3890 Sen-

205 3916 258 3949 ceee
275 3900 377 3962 dicitur3
394 3901 475 3965 inrogo
491 3916 579 3966 pugne
593 3899 699 3949 Actiaco
716 3899 767 3949 edi-
799 3914 853 3949 tut:
871 3918 901 3949 na
915 3900 984 3967 pueri
995 3902 1110 3967 puellreva
1120 3900 1231 3949 domium
1246 3918 1288 3968 pro
1306 3922 1358 3954 rnu-

205 3972 259 4014 tur:
277 3965 307 4015 dc
318 3982 402 4031 pugno
412 3965 515 4015 Actiaca
525 3966 558 4013 cl.
568 3981 623 4040 sup,
636 3962 684 4012 Od.
696 3962 713 4020 i,
726 3965 767 4020 37,
799 3980 856 4014 nere
870 3965 993 4078 ampliore,
1005 3965 1069 4039 quod
1082 3980 1124 4014 exa
1169 3966 1359 4079 mmnpudeurn

930 4046 958 4078 oc
976 4030 1064 4079 leviore
1081 4038 1105 4079 te
1137 4044 1191 4079 ecre
1206 4031 1359 4082 velevidea-

205 4102 305 4157 pcterna
313 4103 351 4143 eat
358 4094 411 4158 jam
421 4096 508 4150 Adria,
519 4110 579 4143 man
588 4092 713 4143 Adriatico
723 4092 766 4142 cd·
798 4103 846 4149 tur,
866 4103 907 4142 cut
928 4094 1000 4159 hujus
1021 4095 1127 4144 muneris
1147 4096 1304 4155 recuratione,
1322 4099 1360 4147 vel

205 4157 341 4207 simulatus,
796 4158 869 4223 jocio,
881 4158 971 4222 quibus
980 4158 1011 4207 de
1021 4160 1067 4209 hoc
1079 4174 1156 4208 amore
1167 4169 1191 4208 te
1205 4161 1305 4218 cruciet,
1318 4163 1360 4211 tibi

238 4223 280 4272 64.
300 4224 375 4278 Velox,
387 4220 606 4272 etleuimvictoria
621 4221 668 4270 dec
686 4220 767 4270 elatat
800 4225 914 4272 molestus
926 4224 975 4273 tint.

199 4287 297 4351 frende,
309 4303 344 4335 sc.
354 4287 447 4336 lauret.
832 4288 873 4336 76.
895 4289 1001 4350 Adaplm,
1020 4286 1151 4343 considera,
1169 4297 1250 4337 tecum
1266 4298 1359 4355 reputa,

238 4353 280 4408 65,
290 4353 331 4401 66.
346 4353 401 4400 Salv
415 4352 509 4409 audiit,
520 4350 624 4415 exempli
636 4366 718 4407 cenea,
728 4365 769 4399 ve·
801 4360 830 4399 ut
839 4368 864 4400 v.
876 4354 891 4400 4
902 4350 928 4400 in
940 4350 1087 4417 precedente
1099 4351 1215 4417 Epistola.

207 4415 306 4465 nationi.
340 4416 417 4464 Tuum
437 4418 528 4473 ludant,
549 4414 664 4481 puerilem
685 4414 770 4463 ludum
834 4417 875 4463 77.
892 4418 985 4473 Alieno,
996 4430 1030 4465 tc.
1043 4415 1201 4465 commendati
1212 4416 1322 4466 hominia.

207 4479 301 4529 invilla
315 4489 423 4545 paterna.
459 4481 561 4543 Utroque
572 4480 664 4541 pollice,
676 4494 770 4529 nummo
834 4481 876 4537 ta,
885 4482 927 4530 79.
942 4480 1170 4545 οιιοιιι1αιιι(πότε),
1178 4496 1361 4557 nonnunqum,

207 4544 300 4595 lavore:
316 4546 392 4607 pollex
410 4560 508 4607 mmm,
529 4543 624 4608 tignum
643 4543 729 4592 laverit
746 4552 770 4593 ct
801 4544 955 4609 quandoque,
975 4545 1109 4594 interdum:
1133 4560 1186 4610 sup.
1206 4546 1254 4593 0d.
1273 4546 1300 4601 ir,
1321 4549 1359 4605 10,

207 4609 382 4672 guerpum
401 4625 487 4664 unct,
502 4610 767 4663 converantullrectrtr,
802 4610 841 4665 10,
858 4612 973 4683 quondam
986 4612 1077 4660 clthnrc
1096 4610 1192 4657 suscitet
1211 4610 1319 4671 Mutum,⁴
1337 4622 1362 4663 cl

207 4673 227 4721 ri
261 4690 301 4722 um
322 4672 404 4722 inlecti
423 4671 507 4721 animi.
540 4672 657 4722 Juvenal.
674 4671 708 4728 iii,
727 4674 768 4729 35,
801 4672 980 4731 sumeret.
995 4676 1126 4723 Hictumen
1140 4677 1171 4722 od
1187 4677 1362 4737 meliuspoterit

210 4739 310 4787 luera
327 4736 411 4802 (ludoc
426 4736 591 4801 gladiatorios)
609 4754 671 4786 runc
687 4738 769 4793 edunt,
802 4750 961 4786 transcurrere
977 4741 1099 4803 quondam.
1133 4738 1185 4787 Non
1203 4742 1309 4804 dignum,
1328 4758 1362 4790 sc.

204 4038 229 4078 et
239 4030 317 4095 Epcd.
327 4046 402 4079 cerm.
410 4033 435 4081 9.
477 4030 554 4079 Lacus
563 4028 662 4105 qurdam
673 4028 699 4076 in
711 4028 768 4076 villa
799 4040 902 4094 poterae,
