3659 5892
667 536 834 603 LIBER
856 522 902 615 ll,
924 536 957 601 6.

239 692 301 756 105
322 690 521 756 Permissum
535 690 681 769 arbitrio,
698 690 767 755 sine
783 690 937 755 sordibus
951 696 1103 755 exstrue:
1125 687 1224 753 funus

323 792 468 877 Egregie
482 791 604 857 factum
618 791 731 857 laudet
745 792 871 857 vicinia.
919 790 955 854 Si
969 790 1043 875 quis

322 894 422 959 Forte
435 894 642 959 coheredum
657 894 765 959 senior
777 891 860 957 male
875 893 1003 969 tussiat,
1020 891 1097 955 huie
1112 900 1149 955 tu

323 996 400 1074 Dic,
415 1018 458 1060 ex
471 1007 566 1081 parte
581 1006 636 1060 tua
653 1017 712 1061 seu
726 994 820 1059 fundi
835 996 902 1059 sive
915 994 1031 1059 domus
1047 994 1090 1058 sit

322 1098 450 1175 Emtor,
465 1098 661 1183 gaudentem
676 1118 805 1161 nummo
820 1106 853 1161 te
868 1096 1033 1161 addicere.
1080 1094 1149 1161 Sed
1162 1116 1213 1160 me

238 1200 301 1264 110
321 1198 501 1283 Imperiosa
514 1198 615 1263 trahit
630 1198 846 1283 Proserpina:
869 1198 953 1276 vive,
968 1198 1115 1283 valeque.

681 1504 859 1571 SATIRA
881 1503 944 1571 Vl.

324 1710 401 1775 Hoc
416 1721 487 1775 erat
502 1712 536 1775 in
550 1710 651 1775 votis:
674 1710 791 1775 modus
806 1710 878 1795 agri
892 1730 958 1774 non
972 1708 1019 1773 ita
1032 1730 1181 1795 magnus,

323 1812 450 1877 Hortus
465 1814 522 1877 ubi
537 1822 572 1877 et
585 1822 673 1877 teoto
688 1812 812 1877 vicinus
823 1811 913 1896 jugis
932 1832 1027 1895 aquoe
1041 1810 1127 1889 fons,

323 1914 370 1979 Et
384 1915 518 1999 paulum
533 1914 622 1979 silvas
638 1936 737 1999 super
752 1914 803 1978 his
819 1912 914 1979 foret.
962 1911 1104 1978 Auctius
1118 1920 1216 1997 atque

322 2015 371 2080 Di
383 2016 497 2081 melius
513 2016 630 2082 fecere.
676 2014 769 2080 Bene
784 2018 852 2079 est!
876 2013 958 2079 nihil
971 2014 1109 2099 amplius
1125 2037 1195 2092 oro,

270 2118 291 2180 5
324 2117 415 2181 Maia
429 2128 516 2196 uate,
532 2118 594 2182 nisi
611 2128 647 2181 ut
661 2116 796 2202 propria
809 2115 880 2181 haec
895 2116 975 2179 mihi
988 2138 1124 2181 munera
1136 2115 1234 2181 faxis.

322 2218 479 2303 sineque
494 2220 648 2305 majorem
663 2217 727 2283 feei
741 2218 866 2283 ratione
881 2217 965 2281 mala
979 2239 1059 2294 rem,

321 2310 397 2387 Neo
412 2344 483 2385 sum
495 2320 641 2387 facturus
656 2320 736 2383 vitio
750 2317 886 2403 culpave
901 2320 1077 2397 minorem3

235 2521 384 2581 illacrimare,
402 2522 528 2573 illacrima.
560 2524 679 2579 Audieris,
697 2536 746 2570 nou
764 2536 795 2571 cx
829 2538 884 2587 que
903 2536 986 2588 reapse
1007 2530 1058 2571 erat
1076 2520 1182 2578 donatio,
1201 2523 1282 2573 oblato
1298 2544 1390 2575 namma

236 2601 275 2637 are
292 2586 427 2637 moribundi
438 2588 533 2651 (statim
550 2588 614 2637 euim
633 2584 795 2651 subjungitur,
829 2586 964 2650 (sestertio)
977 2596 1028 2635 rata
1038 2594 1062 2635 et
1072 2586 1234 2638 firmaiiebat:
1246 2588 1295 2641 vid.
1306 2590 1390 2640 Beati.

235 2666 317 2715 sparge
334 2654 438 2709 subinde,
456 2652 519 2715 Ergo
536 2670 598 2701 nune
620 2653 696 2700 Darna
713 2652 797 2699 sodalis
828 2666 883 2717 cup.
895 2650 926 2699 ad
937 2654 988 2699 Sat.
1000 2651 1017 2709 i,
1030 2654 1055 2707 4,
1069 2651 1109 2699 lt.

237 2714 356 2777 Nusquam
381 2719 446 2779 esti)
467 2716 510 2765 sed
539 2724 619 2781 aperto
646 2722 797 2765 tentamento.
864 2717 920 2763 110.
947 2715 1071 2777 Imperiosa
1099 2715 1256 2778 Proserpina:
1290 2718 1389 2768 Umbro

240 2778 306 2827 Unda
329 2781 394 2834 milti,
414 2781 508 2846 supple,
531 2796 633 2838 sumam,
660 2779 794 2843 exquiram,
828 2779 921 2829 seilicet
942 2794 973 2828 οι
996 2780 1060 2829 Orco
1088 2777 1114 2827 iu
1140 2779 1220 2829 lucem
1245 2781 1339 2831 amine
1358 2800 1390 2832 ex

236 2843 334 2907 parabo,
358 2844 488 2894 inveniam.
530 2844 692 2903 Heindorlius,
718 2842 796 2907 posita
827 2843 927 2909 imperio
944 2850 1014 2892 me
1035 2844 1186 2909 Proserpina
1206 2844 1272 2895 diota
1288 2846 1347 2897 hora
1363 2848 1390 2896 iu

236 2916 290 2970 pont
299 2919 360 2970 paces
370 2907 531 2965 distinetione,
542 2911 685 2958 illam-inam
699 2922 741 2973 pro
751 2906 795 2954 im·
829 2908 921 2957 Orcum
932 2907 1007 2957 redire
1017 2907 1146 2957 debebant.

235 2972 342 3033 putativo
361 2970 458 3039 accipit,
475 2972 573 3022 laudato
593 2972 702 3037 exemplo
725 2970 796 3020 Cice·

235 3034 299 3085 roris
316 3035 359 3149 (fide
378 3037 437 3086 Nat.
450 3038 484 3087 D.
502 3037 538 3097 iii,
553 3038 599 3101 33)
613 3038 752 3086 illacrimari
769 3034 795 3083 in
1010 3035 1141 3085 sartan
1159 3036 1209 3085 vl.

235 3097 314 3177 iorura¹
336 3102 519 3177 sponsatisusi.
546 3101 732 3177 Eqpidcmrero
743 3107 796 3177 pont
828 3164 834 3175 ⁵
860 3099 1312 3177 Horatius,pumeieoatigisnet‚puod
1322 3119 1390 3155 mu·

234 3158 796 3303 tttrta⁰t..t.tf²itl.ltfutff
827 3164 1391 3295 tt:?..'3.l1.l²ittf’.”t⁰.ittt,.tu

235 3292 307 3341 mbas
326 3309 369 3357 qur
385 3293 530 3343 familiariter
544 3295 683 3351 miscentur,
697 3294 795 3342 verbum
827 3294 883 3343 vite
892 3294 1069 3359 jucunditatem
1080 3304 1195 3360 spectaui,
1204 3295 1291 3345 habere
1300 3297 1389 3357 omnia,

235 3355 341 3420 aliquod,
361 3366 388 3406 ut
407 3374 470 3423 sepe
491 3358 555 3425 apud
574 3358 720 3415 Terentium,
740 3357 796 3405 data
828 3358 986 3421 gratoanimo
1013 3358 1125 3408 rolitetur.
1153 3359 1390 3425 Decantatigituriu

235 3434 305 3484 opera
327 3436 371 3471 nec
393 3422 444 3495 nipe
464 3424 489 3472 vi
511 3424 594 3488 aliqua
613 3420 704 3471 reticeri
726 3421 795 3477 solet,
828 3375 1141 3473 hoeearminslaudcsvita
1151 3424 1390 3485 rossemanum,

235 3484 300 3548 quod
317 3500 332 3532 a
349 3501 433 3549 quous
449 3487 520 3537 iaeile
537 3486 640 3552 suppleri
657 3492 743 3552 potest,
760 3484 795 3533 uti
827 3503 857 3537 ex
876 3487 963 3552 quibus
985 3487 1034 3535 vita
1053 3488 1141 3536 rustica
1162 3486 1232 3551 louge
1251 3489 1344 3539 urbana
1359 3490 1391 3541 sit

234 3548 305 3597 modo
316 3547 341 3597 iu
349 3564 418 3598 versu
430 3552 578 3616 precedente
583 3552 680 3599 verbum
688 3548 795 3615 aliquod,
825 3551 964 3617 jucundior,
976 3560 1032 3601 auto
1042 3551 1126 3599 oeulos
1136 3551 1212 3616 ponit.

236 3613 795 3741 :uqffipgtmamfmmaſsat..
828 3617 934 3729 ...111
942 3616 1035 3728 11111*
1045 3619 1098 3727 ‘³2'
1110 3618 1392 3733 ffittmttstlt

266 3694 325 3789 lot.
353 3742 395 3791 Eat
424 3744 520 3792 Gaudia
545 3744 676 3805 prodentem
706 3744 797 3791 voltam
828 3753 873 3793 est.
906 3695 1391 3811 Jagtsaqaaaellu'gimfluffdtia,pereania

235 3806 320 3854 celan.-
339 3806 394 3869 (art,
411 3807 477 3869 ἔστι)
494 3807 577 3857 licebit
589 3806 736 3856 lacrimando
753 3808 794 3872 (tu
826 3824 905 3873 aquas,
925 3817 953 3857 ut
971 3808 1015 3857 ini.
1035 3808 1114 3873 Epist.
1131 3807 1149 3863 i,
1168 3810 1391 3877 16,17;siejagta

268 3871 323 3919 teris
349 3870 509 3934 lacrimando)
537 3871 611 3919 animi
631 3871 739 3920 letitiam
764 3870 795 3920 ds
826 3891 887 3937 aqua
905 3872 936 3923 de
953 3873 1133 3937 squalentum,
1146 3873 1209 3938 apud
1222 3874 1282 3921 Sall.
1294 3874 1319 3923 in
1330 3876 1391 3941 Jug.

252 3933 372 3984 ereditate
382 3935 408 3983 iu
418 3936 487 3984 vultu
497 3950 632 4001 expressam
642 3935 773 3985 occultare.
827 3952 881 4001 cap.
897 3938 939 3986 90.
978 3938 1121 3999 Superbia:
1145 3938 1297 3988 Schol.Cru
1317 3974 1333 3997 .,
1353 3943 1390 3989 in-

268 3999 324 4048 105.
347 4000 401 4047 Sine
414 4002 533 4048 sorditas.-
557 3999 608 4047 sias
627 3999 723 4049 sordida
738 4014 794 4049 ava·
826 4012 1039 4065 super,praeterea,·
1056 4000 1215 4060 redierimus,
1228 4018 1300 4068 nuper
1330 4013 1391 4063 orto,

235 4060 304 4120 ritia;
321 4062 445 4128 splendide
455 4064 528 4129 igitur
538 4073 563 4113 ct
573 4063 707 4127 magnifice.
827 4073 899 4123 tecto,
911 4074 936 4115 et
947 4066 1027 4127 lonta3
1044 4064 1104 4115 villa
1114 4066 1177 4115 euim
1190 4068 1284 4116 Horatii
1297 4069 1323 4116 in
1334 4084 1392 4133 agro

234 4126 796 4256 ..limittittlttatttriti:
827 4124 1391 4246 1013’0011001120οῐ

703 4209 710 4238 ι
918 4230 925 4243 .
976 4230 982 4251 ,
1023 4212 1037 4240 r
1113 4212 1392 4248 tmetnmonetetn

235 4258 302 4303 tassia
320 4255 385 4321 apud
403 4257 495 4306 Catuli.
513 4257 571 4315 xliv,
586 4258 600 4305 7
609 4274 618 4317 ;
635 4271 678 4307 nos
689 4272 795 4322 quoque,
828 4275 903 4307 arcem
920 4276 945 4307 ea
962 4261 1019 4311 arte
1035 4210 1128 4315 immi,
1139 4258 1218 4309 atini.
1231 4260 1309 4326 Epist.
1321 4261 1337 4318 i,
1351 4264 1391 4321 16,

233 4321 271 4367 ein
281 4322 344 4369 lt'o'scr
356 4320 455 4370 liutran.
828 4324 853 4377 5,
866 4324 979 4372 Continui
988 4332 1081 4379 Μαι,
1094 4326 1140 4372 niti
1157 4320 1308 4374 ditwaientur
1323 4344 1393 4389 opaea

268 4386 405 4433 lot-109.
423 4385 487 4433 Huic
497 4395 524 4434 tu
537 4386 728 4442 Dia-addicere,
741 4400 795 4434 sea·
831 4384 906 4435 l'alls.

233 4462 291 4496 aun:
309 4448 365 4497 huic
384 4456 410 4497 tu
429 4448 477 4505 die,
489 4457 522 4503 tc.
534 4449 584 4498 sive
602 4448 644 4498 ills
658 4448 727 4497 fundi
745 4450 796 4500 siva
861 4452 885 4499 5.
903 4450 969 4498 Maia
980 4460 1050 4499 nate.-
1067 4450 1279 4501 Mercuriuaenim
1293 4455 1393 4517 (parens

234 4510 320 4560 domun
339 4528 369 4561 cx
382 4520 425 4561 tua
438 4512 583 4563 hereditatis
598 4513 705 4579 portiana
722 4522 797 4563 emtor
829 4516 885 4581 lyra
905 4532 989 4573 aaran,
1007 4530 1062 4581 sup.
1082 4515 1130 4565 Od.
1147 4514 1165 4573 i,
1182 4517 1220 4572 10,
1236 4518 1265 4577 6)
1282 4518 1393 4584 presidio

233 4590 287 4625 este
303 4576 362 4625 volit
378 4578 546 4641 (gaudentem)
562 4586 653 4642 promto
669 4586 797 4643 paratoque
828 4594 874 4629 suo
891 4589 972 4645 poetas
982 4580 1060 4639 lovet;
1077 4579 1142 4629 unde
1152 4588 1228 4644 poete
1240 4596 1293 4647 sup.
1304 4581 1353 4630 Od.
1364 4582 1391 4641 ii,

234 4640 315 4689 auimo
332 4641 398 4704 (aas,
416 4644 458 4689 mit
476 4642 631 4707 Vergnitgan)
646 4641 669 4691 ei
681 4642 797 4691 vilissimo
831 4636 869 4701 ll,
882 4646 923 4699 ³0,
935 4647 982 4692 viri
1000 4644 1153 4692 Mercuriales
1164 4653 1288 4695 vocantur.
1321 4645 1392 4696 Idem

234 4702 309 4768 pretio
329 4703 438 4755 addicere
458 4705 528 4757 velle.
569 4705 694 4773 Ejusmodi
714 4708 796 4765 emtio,
828 4716 856 4762 ut
882 4710 948 4759 dator
971 4711 1079 4757 tonorum
1104 4711 1273 4773 inspiratarum
1294 4708 1391 4777 (term
