3659 5892
495 543 541 606 xii
935 541 1205 610 PRAEFATIO.

495 753 582 798 crem
601 732 633 796 in
653 731 760 795 verbis
785 731 865 795 scite
888 733 974 797 inter
993 754 1029 796 se
1043 730 1253 797 conciliandis
1267 742 1302 796 et
1315 742 1392 818 apte
1407 732 1648 819 distinguendis

494 872 605 918 curam
619 851 726 935 posui,
742 851 819 934 quie
832 872 898 915 non
912 871 987 914 raro
1006 850 1070 915 loci
1088 849 1221 914 obscmi
1239 849 1371 914 mutatis
1386 859 1421 915 et
1433 851 1556 916 rectius
1570 873 1649 917 con·

494 971 616 1036 stitutis
639 969 900 1034 distinctionibus
921 967 1028 1032 lucem
1046 966 1370 1052 aecipimrt-Quod
1385 967 1428 1032 ad
1442 969 1648 1052 conjecturas

494 1089 621 1166 attinet,
636 1109 717 1174 quas
740 1087 861 1172 passim
884 1085 987 1169 aequis
1010 1083 1141 1150 arbitris
1165 1083 1393 1168 dijudicandas
1416 1085 1451 1148 in
1469 1087 1557 1151 notis
1570 1110 1648 1172 pro-

494 1207 600 1294 posui,
624 1227 736 1272 earum
761 1215 840 1281 tres,
860 1224 943 1287 quas
965 1203 1001 1266 in
1022 1212 1149 1267 textum
1169 1201 1360 1287 reciperem,
1381 1201 1473 1267 haud
1494 1203 1646 1290 indignas

492 1326 605 1403 habui,
619 1325 778 1399 rationes,
796 1343 839 1386 ex
861 1321 982 1406 quibus
1001 1319 1065 1386 boc
1084 1319 1206 1386 iactum
1223 1330 1287 1400 est,
1301 1321 1460 1386 neminem
1479 1320 1574 1388 facile
1588 1323 1648 1387 im-

493 1445 707 1531 probaturum
729 1459 803 1505 esse
827 1437 989 1518 confisus3
1021 1437 1144 1504 scilicet
1167 1437 1277 1522 Epist.
1301 1439 1324 1516 i,
1349 1439 1399 1517 10,
1413 1440 1469 1517 47,
1492 1461 1564 1525 pro,
1588 1451 1648 1505 urst

492 1562 604 1640 ser-nit,
619 1559 708 1638 dedi,
723 1557 812 1624 hond
827 1557 946 1632 servit,-
968 1556 1077 1642 Epist.
1094 1557 1116 1633 i,
1133 1555 1187 1634 20,
1202 1577 1301 1620 versu
1315 1555 1440 1636 rdtimo,
1455 1580 1516 1643 pro
1530 1559 1644 1646 inepta

492 1681 642 1756 lectione,
673 1677 777 1755 dasii,
800 1674 937 1741 exhibui
964 1673 1068 1749 dieta·
1099 1673 1209 1759 Epist.
1233 1674 1277 1739 ad
1303 1673 1372 1740 Pis.
1397 1676 1473 1754 246,
1500 1699 1573 1762 pro,
1602 1701 1645 1744 ac

485 1821 571 1888 pens
578 1798 742 1883 soscrisse,
756 1792 987 1858 excudendum
1000 1793 1122 1870 curavi,
1137 1801 1195 1856 out
1209 1814 1296 1878 pens
1306 1794 1646 1879 sermea—Eodem

491 1919 631 1985 fortasse
649 1915 724 1999 jure
747 1910 818 1977 Sat.
842 1911 865 1988 i,
889 1909 939 1987 10,
960 1910 1014 1988 59,
1034 1931 1108 1995 pro,
1123 1931 1163 1975 ac
1175 1909 1206 1973 a·
1218 1909 1254 1974 in
1267 1920 1362 1976 textu
1379 1910 1446 1996 legi
1463 1915 1580 1998 possit,
1602 1937 1648 1980 os

490 2037 531 2114 si,
547 2032 637 2120 quod
659 2033 759 2097 totius
782 2028 846 2094 loci
869 2047 984 2094 sensus
1003 2037 1038 2093 et
1052 2047 1158 2092 nexus
1172 2027 1338 2112 postulare
1353 2028 1501 2110 videtur,
1521 2043 1559 2097 et
1572 2033 1643 2099 Sat.

491 2156 526 2234 ii,
542 2155 575 2232 t,
594 2152 645 2229 18,
663 2171 782 2236 puram
803 2169 875 2232 pro,
896 2147 1025 2223 malum,
1048 2167 1123 2210 nam
1143 2145 1330 2231 exemplum
1351 2149 1410 2214 ubi
1430 2145 1548 2214 mulam
1570 2173 1644 2236 pro,

491 2273 574 2338 male
588 2251 743 2356 'positum'
765 2267 817 2344 sit,
842 2265 897 2330 vix
920 2266 1082 2350 reperisse
1114 2264 1174 2330 sed
1197 2264 1258 2329 bss
1279 2275 1315 2330 et
1336 2266 1416 2331 elias
1438 2270 1647 2354 conjecturas

492 2389 673 2455 doctiontm
683 2387 809 2472 judicio
822 2384 1006 2468 relinquere
1019 2383 1129 2448 malui.

535 2507 678 2585 Deinde,
699 2527 773 2571 curn
792 2503 953 2569 Horatius
973 2503 1015 2565 ab
1034 2521 1102 2566 una
1121 2503 1283 2567 sententia
1301 2501 1345 2566 ad
1359 2502 1494 2568 alteram
1507 2516 1645 2589 repente

492 2637 526 2691 et
547 2629 620 2704 sapt
646 2625 795 2704 epotantes
827 2622 965 2686 transire
992 2619 1107 2698 soleat,
1129 2619 1166 2684 id
1188 2621 1356 2706 praecipue
1377 2620 1456 2686 mibi
1481 2623 1646 2707 egendum

492 2765 565 2810 esse
587 2741 712 2826 putavi,
733 2749 770 2804 ut
792 2739 932 2806 lectores
955 2740 999 2804 ad
1022 2739 1256 2804 sententiatim
1277 2761 1399 2804 nexum
1420 2740 1647 2821 adverterem

492 2859 656 2949 quomodo
670 2857 769 2922 altera
786 2855 879 2922 alteri
894 2858 1104 2943 respondeat,
1120 2857 1290 2937 docerem
1311 2859 1440 2943 etquid
1455 2859 1499 2923 ad
1513 2871 1648 2926 nnan-

491 2983 553 3047 tias
576 2980 661 3043 inter
684 2999 719 3041 se
742 2976 976 3041 consociandas
994 2975 1214 3061 supplendum
1227 2986 1262 3041 et
1276 2978 1384 3042 animo
1397 2979 1576 3043 tenendum
1589 2979 1645 3057 sit,

490 3094 838 3168 monerem-Quodsi
862 3104 970 3160 tamen
992 3093 1132 3160 fortasse
1147 3094 1223 3172 sint,
1238 3095 1359 3178 quibus
1373 3095 1408 3159 in
1420 3094 1484 3160 hae
1495 3115 1531 3160 re
1545 3095 1648 3180 paulo

490 3215 658 3283 verbosior
671 3213 773 3278 fuisse
788 3212 910 3291 videar,
926 3212 973 3278 illi
992 3213 1177 3278 uberiorem
1197 3214 1431 3278 sententiarum
1451 3214 1591 3279 invicem
1610 3237 1647 3280 se

490 3334 722 3420 excipientium
740 3331 979 3416 expositionem
998 3353 1020 3396 a
1037 3333 1179 3397 tironum
1197 3331 1379 3398 rationibus
1397 3331 1488 3397 bsud
1506 3331 1647 3398 alienam

491 3475 563 3521 esse
581 3453 735 3538 cogitent.

534 3571 688 3656 Denique
710 3569 745 3634 in
767 3569 941 3634 verborum
964 3568 1232 3653 interpretatione
1255 3568 1302 3631 ita
1326 3577 1474 3632 versatus
1495 3589 1578 3647 sum,
1593 3581 1645 3649 ut,

490 3688 647 3775 quicquid
662 3688 703 3752 sd
716 3709 756 3752 es
768 3697 857 3754 recte
868 3686 1073 3772 explicanda,
1085 3685 1290 3763 illustranda,
1302 3696 1337 3751 et
1347 3686 1474 3751 idoneis
1484 3688 1646 3773 exemplis

491 3807 711 3875 confirmanda
740 3815 877 3892 spectat,
906 3803 1080 3891 diligenter
1115 3805 1333 3882 observarem,
1362 3825 1573 3889 exponerem,
1609 3817 1646 3872 et

491 3947 620 3994 sensum
631 3925 681 3990 rei
691 3925 809 4010 cuique
822 3934 935 4009 aptum
949 3925 1027 3990 inde
1039 3923 1199 3989 elicerem.
1228 3923 1309 3989 Non
1322 3921 1492 4008 compilavi
1506 3923 1644 3989 aliorum

491 4045 619 4121 scrinia,
636 4042 694 4107 sed
716 4063 791 4128 quse
813 4043 931 4126 cuique
954 4042 1128 4120 debentur,
1150 4042 1338 4108 nominatim
1360 4040 1549 4110 doctissimo
1571 4041 1645 4108 Ho-

489 4164 564 4230 ratii
586 4161 757 4247 interpreti
782 4159 943 4226 lambino
969 4160 1026 4242 (ex
1047 4161 1142 4246 cujus
1164 4161 1315 4226 ubertate
1334 4160 1445 4246 plures
1465 4161 1645 4245 irrigarunt

490 4303 566 4349 suos
580 4278 754 4362 hortulos),
768 4279 855 4344 bona
869 4277 936 4343 fide
950 4277 1101 4344 indicavi.

532 4397 589 4464 Ad
619 4397 751 4463 Horatii
781 4396 905 4462 Satires
935 4407 1035 4474 recte,
1066 4398 1158 4474 scite,
1184 4408 1220 4462 et
1247 4408 1399 4462 accurate
1426 4395 1641 4482 explicandas

489 4529 601 4584 nostre
614 4526 711 4584 oetate
725 4513 837 4593 multa,
851 4517 948 4580 immo
967 4515 1063 4601 plura
1082 4514 1222 4580 fortasse
1242 4536 1339 4599 quom
1358 4537 1442 4599 opus
1463 4525 1545 4593 erat,
1566 4535 1644 4580 con-

489 4637 562 4701 tulit
585 4637 648 4701 Vir
670 4635 934 4713 Eruditissimus,
959 4631 1193 4712 Heindorlius3
1216 4655 1236 4697 a
1259 4634 1352 4717 cujus
1367 4633 1427 4698 viri
1443 4642 1552 4698 tamen
1566 4655 1643 4699 auc·
