3659 5892
655 526 871 611 LIBERI,
894 531 926 597 7.

623 812 863 881 EPISTOLA
885 816 964 881 VII.

574 1024 639 1072 AD
673 1024 1007 1077 rrAEcENATErr.

303 1180 468 1271 Qurrttrurr
483 1182 554 1247 dics
569 1184 630 1247 tibi
644 1181 810 1268 pollicitus
824 1206 876 1250 me
890 1206 967 1251 rure
982 1184 1138 1267 futurum,

302 1281 459 1346 Sextilem
473 1292 576 1348 totum
589 1286 731 1349 mendax
745 1287 926 1352 desideror.
971 1287 1088 1374 Atqui,

302 1382 339 1447 Si
353 1405 404 1449 me
418 1385 526 1451 vivere
540 1386 588 1451 vis
603 1397 759 1471 recteque
772 1388 884 1453 videre
898 1389 1069 1468 valentem,

303 1483 411 1557 Quam
424 1485 504 1549 mibi
517 1487 578 1551 das
592 1507 692 1572 egro,
708 1488 803 1553 dabis
817 1500 978 1574 aegrotare
992 1492 1129 1569 timenti,

248 1585 271 1647 5
302 1584 480 1663 Maecenas,
494 1589 638 1668 veniam3
661 1590 740 1654 dum
753 1588 837 1657 ficus
852 1592 957 1675 prima
971 1592 1123 1677 calorque

302 1686 555 1772 Designatorem
569 1691 703 1755 decorat
716 1690 886 1756 lictoribus
901 1694 999 1772 atris;

301 1786 392 1852 Dum
406 1792 517 1874 pueris
532 1793 635 1856 omnis
650 1803 745 1877 pater
757 1802 793 1857 et
806 1793 983 1859 matercula
997 1794 1115 1879 pallet3

301 1889 523 1975 Officiosaque
535 1893 703 1971 sedulitas,
717 1904 751 1959 et
766 1894 873 1978 opella
883 1894 1023 1960 forensis

301 1988 451 2057 Adducit
465 1992 585 2072 febres,
601 2006 635 2059 et
649 2004 843 2059 testamenta
856 1996 1012 2081 resignat.

241 2092 282 2155 10
303 2092 434 2167 Quodsi
447 2095 564 2158 bruma
577 2096 667 2159 nives
684 2093 823 2160 Albanis
837 2096 940 2161 illinet
955 2098 1053 2182 agris,

217 2308 244 2356 iu
268 2322 295 2357 rs
320 2309 437 2359 amatoria
461 2313 590 2361 versantia.
640 2311 774 2360 Mimnermi
806 2312 879 2377 quod,
932 2312 1153 2371 revelantium
1166 2314 1260 2365 morbos
1270 2323 1295 2365 et
1305 2332 1367 2365 mor-

216 2371 300 2421 laudes
321 2374 342 2421 P
400 2383 429 2423 rt.
446 2374 464 2431 i.
483 2377 509 2431 9,
526 2376 775 2441 ll.12‚complexas
807 2384 855 2425 tear
906 2378 995 2427 dusera
1016 2378 1084 2427 solat.
1123 2378 1250 2444 Scripsisse
1273 2379 1368 2430 ridetur

215 2444 254 2485 ast
270 2436 308 2485 bis
325 2436 375 2486 dao
393 2454 421 2486 us
437 2439 561 2488 versibus:
583 2442 643 2488 Plus
657 2443 684 2488 in
701 2456 777 2488 amors
807 2439 870 2489 luurc
885 2441 1010 2507 epistolam
1025 2442 1070 2489 sab
1082 2440 1150 2491 initio
1160 2444 1249 2491 mensis
1260 2446 1368 2509 septem·

217 2502 278 2548 natet
295 2501 429 2550 Mimnermi
445 2519 523 2551 mas
541 2505 654 2562 Homer03
671 2508 777 2552 carmina
807 2504 866 2561 bris,
888 2507 1093 2571 appropinquante
1113 2506 1214 2571 jamjam
1242 2518 1367 2565 autumno,

216 2576 347 2614 moranus
363 2568 424 2613 bria
437 2571 523 2631 querit
531 2570 610 2616 Amor.
643 2568 777 2616 Mimnermi
843 2567 941 2634 'snpra
958 2582 1054 2634 quoque
1069 2572 1119 2618 Sat.
1130 2570 1156 2625 ii,
1168 2571 1193 2624 6,
1207 2572 1369 2634 ramme

217 2642 299 2676 sersus
320 2636 408 2687 autern,
436 2646 496 2695 quos
524 2632 628 2698 respexit
652 2631 776 2688 Horatius,
834 2635 919 2681 ''tinae
933 2636 1126 2696 questusracsrbc
1143 2643 1248 2682 vocatur.
1282 2634 1366 2683 Brevi·

217 2692 341 2757 Craquius
356 2708 370 2742 a
385 2694 517 2743 Plutarcho
533 2704 558 2745 et
574 2696 710 2745 Muretusc
721 2698 775 2744 Sto·
807 2703 843 2745 ter
852 2704 933 2745 sutem
943 2704 968 2744 et
977 2696 1098 2759 eleganter
1115 2698 1229 2747 Horatius
1244 2696 1370 2763 descripsit

217 2756 270 2804 beo
292 2756 386 2805 attulit:
404 2759 441 2817 τὶς
458 2758 483 2807 dl
500 2759 565 2822 βίος,
583 2760 608 2810 ri
625 2759 651 2809 dl
667 2762 778 2826 τερπνὸν
807 2768 901 2824 tempas
912 2760 1022 2809 autumni
1035 2762 1049 2823 (
1052 2764 1107 2809 dum
1117 2764 1192 2823 prima
1196 2762 1260 2825 ficus
1272 2772 1295 2809 et
1305 2764 1369 2810 calor

218 2822 277 2885 drap
296 2824 392 2886 χρυσῆς
406 2821 571 2889 Ἀφροδίτηςς
587 2823 721 2885 Τεθναὶην,
737 2823 779 2874 brt
808 2825 916 2887 decorat)
928 2840 977 2889 quo
995 2823 1034 2872 tici
1050 2826 1210 2873 maturitatem
1227 2824 1332 2881 trahunt,
1345 2835 1370 2875 et

217 2902 259 2948 μοι
285 2884 441 2945 nrirtrat'trc
451 2886 531 2951 μέλοι.
808 2888 866 2936 solis
882 2888 958 2937 fervor
980 2886 1135 2954 perniciosam
1154 2888 1180 2936 ln
1200 2902 1300 2955 corpora
1319 2888 1369 2938 vim

284 2982 291 2996 .
313 2948 377 3007 Istis,
399 2964 435 2998 sc.
456 2966 511 3015 quas
530 2950 582 3000 diri
602 2951 632 3001 de
651 2948 776 3009 tuiciote,
809 2951 891 3001 babet.

217 3026 291 3075 quam
300 3028 350 3061 uus
359 3014 434 3063 virtus
445 3013 501 3063 dare
511 3022 598 3080 potest.
842 3016 868 3063 6.
881 3016 1069 3089 ‘Dorignatcrem
1094 3014 1369 3080 Derignntomquiordi-

370 3142 542 3191 onnon
560 3142 623 3192 vn.
809 3076 1371 3207 ttr'ttttfqt‘ttttutttt‘tnt

251 3202 327 3252 Porta
342 3204 472 3268 longiorem
488 3206 515 3254 iu
534 3206 602 3262 villa,
613 3204 655 3254 ubl
673 3204 778 3269 corporis
809 3209 933 3270 designat:
948 3222 1001 3265 nos,
1023 3207 1284 3265 Germanica-Meister,
1301 3208 1369 3256 Mor·

218 3265 423 3317 reficiendicausa
432 3271 631 3326 commorabatur,
643 3269 778 3318 absentiam
808 3270 1089 3327 ornumornum.
1123 3270 1219 3319 Decorot
1239 3274 1370 3335 designato·

218 3330 282 3395 apud
299 3333 459 3381 diaconalem
479 3342 587 3389 excusat,
607 3333 675 3388 dum,
694 3348 720 3380 sa
742 3333 778 3381 ibi
807 3350 864 3390 rem,
881 3333 948 3391 iacit,
965 3335 1046 3388 officit.
1065 3341 1093 3381 ut
1107 3332 1244 3395 designator
1259 3334 1371 3384 funerum

219 3408 315 3458 quoquo
335 3396 503 3470 beneficiorum
524 3399 555 3445 ab
575 3412 604 3447 oo
626 3404 778 3471 acceptorum
808 3400 928 3446 derorum
940 3397 1082 3461 (honorilice
1098 3396 1221 3459 cingatur)
1233 3400 1292 3471 atris
1304 3400 1369 3473 tirta-

219 3458 780 3589 mcllff'sldfmfdl'lrddldllf
809 3460 1370 3598 Qtrllllbl'lilllirl‘iirlill)

220 3591 288 3633 trono
306 3586 423 3653 Philippo
439 3595 465 3636 et
564 3602 595 3637 ne
614 3588 698 3643 Meua,
720 3602 778 3651 qus,
811 3588 885 3644 libus,
896 3588 931 3635 ita
948 3596 1034 3652 presto
1050 3586 1161 3636 adessent
1179 3586 1324 3649 desrguaton
1340 3588 1371 3637 ad

220 3658 335 3712 quantum
347 3666 410 3716 sepe
422 3604 779 3715 (aadftnllrmuapetuupn-
811 3653 927 3717 populum
941 3650 1172 3705 submovendum,et
1188 3650 1218 3699 ad
1231 3650 1279 3699 alia
1292 3650 1318 3699 iu
1332 3650 1370 3699 lu-

219 3722 288 3768 strat,
311 3714 337 3763 b.
352 3731 376 3765 e.
397 3730 470 3779 quam
488 3716 560 3779 longe
578 3730 683 3782 presens
702 3730 779 3765 rerum
811 3730 868 3764 nors
886 3716 1012 3763 subeunda
1032 3714 1125 3763 officiat
1148 3712 1196 3763 rid.
1213 3713 1325 3763 Klrclun.
1342 3714 1373 3765 ds

220 3784 354 3826 nostrarum
373 3776 480 3827 conditio
501 3779 648 3844 preferenda
666 3794 731 3845 urps
750 3778 782 3827 sit
812 3780 876 3828 Pau.
888 3779 964 3827 Rom.
978 3778 1009 3834 ir,
1021 3780 1047 3828 9.

220 3840 242 3889 el
253 3856 325 3950 quam
366 3842 447 3897 timus,
459 3842 544 3892 docere
554 3843 642 3893 studet.
845 3845 870 3891 8.
891 3842 1040 3906 Qfficr'oanus
1059 3842 1179 3897 sedulitas,
1198 3850 1221 3889 st
1238 3843 1313 3905 opella
1327 3841 1371 3907 fo-

271 3906 314 3959 ,2.
368 3908 567 3969 “ηςιιιάία,οοῐῑ.
578 3907 779 3963 constable·
811 3906 975 3956 montmarin
984 3905 1115 3955 officiorum
1127 3918 1214 3968 genera
1224 3905 1320 3955 etruria
1330 3920 1373 3955 ue·

221 3982 301 4026 conas,
323 3970 349 4017 in
371 3970 455 4018 villam
476 3986 553 4019 msam
578 3970 720 4027 secederem,
742 3986 781 4020 mc
813 3971 886 4034 gotis,
903 3984 959 4033 qun
975 3969 1001 4017 in
1020 3968 1178 4018 urbovireuti
1191 3968 1373 4034 aprimomane

221 4032 327 4096 quinque
347 4040 442 4081 uatum
463 4034 515 4083 diss
532 4035 566 4082 ibi
583 4042 781 4083 commoraturum
813 4032 933 4099 usquead
945 4036 1274 4095 uoctcmprrcsputeteirco
1283 4035 1374 4081 saliunt

221 4097 327 4145 asscribi
336 4097 450 4172 promisi3
471 4099 514 4147 sed
529 4099 783 4161 (moruncurten
815 4101 885 4153 tatus.
907 4096 1010 4146 suaviter
1028 4096 1143 4145 Horatius
1164 4112 1218 4162 sup.
1238 4098 1289 4146 Sat.
1313 4097 1373 4153 ite

221 4159 260 4207 bis
270 4161 400 4226 promusis,
412 4176 468 4210 mm
481 4170 507 4211 tu
517 4163 568 4227 jam
580 4170 656 4211 totam
666 4162 780 4211 Sextilem
811 4162 868 4210 iude
879 4175 895 4208 s
904 4177 929 4209 v.
940 4162 973 4209 20
984 4158 1110 4210 enarravit.

221 4234 334 4288 expectas
344 4240 425 4273 meum
435 4226 547 4275 reditum.
580 4227 675 4275 Mensis
686 4228 779 4301 Augus·
844 4227 870 4274 9.
888 4224 1030 4272 Testamenta
1039 4226 1158 4286 resignat:
1174 4222 1216 4285 qui
1230 4223 1372 4279 moriuntur,

222 4296 260 4335 tas
278 4298 377 4338 vocatur
398 4291 499 4347 Sextilis,
522 4288 638 4353 quirillo
655 4304 685 4338 er
702 4304 781 4354 prrscs
811 4304 894 4338 aarum
902 4294 1062 4363 postmortem
1070 4294 1210 4336 testamenta
1221 4288 1373 4353 aperiuntur;

222 4353 340 4402 mensium
351 4354 551 4402 numerandomm
559 4352 650 4401 ratione
659 4362 683 4402 et
690 4353 781 4411 ordine,
813 4353 891 4403 laceto
901 4352 975 4415 rgitur
984 4352 1122 4401 autumnale
1130 4359 1232 4415 tempus,
1245 4366 1294 4416 quo
1305 4366 1373 4399 max-

222 4417 264 4481 qni
285 4432 301 4465 a
319 4432 401 4467 mensa
423 4418 514 4466 Martio
533 4417 626 4482 incipit,
643 4427 718 4465 sertas
737 4424 782 4465 est.
813 4417 862 4467 ime
880 4417 940 4464 mori
956 4416 1034 4465 solent
1049 4414 1165 4471 homiues,
1177 4418 1294 4481 resignare
1304 4424 1374 4464 testa·

223 4484 304 4544 Atqui,
320 4482 546 4538 verumenimvero,
564 4488 677 4536 attamen,
695 4480 781 4529 nihilo·
813 4479 995 4529 mntadicitur.

224 4545 303 4593 rninus
313 4554 406 4595 tamen.
849 4545 954 4593 lb-lss.
973 4544 1059 4599 Quodsi
1078 4546 1168 4599 bruma,
1187 4548 1243 4591 cett.
1262 4540 1375 4591 redeunte

256 4611 272 4657 t
323 4607 718 4666 &immmaculatum
726 4606 785 4657 villa
815 4622 870 4657 rere
885 4607 983 4657 demum
1002 4607 1032 4656 ad
1047 4604 1181 4664 torsdibot
1199 4604 1375 4654 hismemeuim

224 4624 441 4723 mddimmdi
451 4673 537 4739 (dam)
544 4674 591 4723 hoc
603 4671 660 4722 anni
671 4680 783 4737 tempore,
817 4671 962 4721 valetudinis
973 4670 1140 4721 confirmanda
1151 4682 1224 4717 csusa
1231 4668 1257 4717 in
1265 4668 1312 4719 oris
1323 4682 1374 4717 ma·
