3659 5892
913 533 1208 601 CARMINUM

876 891 1081 958 CARMEN
1105 890 1255 958 XXVII.

923 1125 982 1172 AD
1002 1124 1200 1173 sonmo.

661 1299 772 1364 Nnuts
787 1299 821 1364 in
835 1324 931 1366 usrun
944 1302 1068 1367 taetitiae
1082 1293 1215 1386 scyphis

660 1403 824 1488 Pugnare,
839 1402 1008 1470 Thracum
1022 1416 1092 1470 est:
1116 1402 1219 1468 tollite
1233 1403 1412 1468 barbarum

702 1504 842 1584 Morem,
858 1508 1142 1592 verecundumque
1157 1503 1327 1571 Bocchum

669 1683 674 1696 1
749 1607 944 1694 Sanguineis
959 1607 1132 1694 prohibete
1147 1607 1239 1672 rixis.

608 1709 628 1772 5
661 1705 749 1774 Vino
764 1721 798 1775 et
811 1709 953 1776 lucernis
969 1710 1092 1776 Medus
1107 1711 1255 1776 acinaces

660 1809 801 1877 Immune
816 1822 974 1896 quantum
988 1812 1171 1897 discrepat!
1194 1812 1329 1896 impium

703 1912 821 1979 Lenito
836 1913 1018 1992 clamorem,
1034 1914 1175 1992 sodales,

747 2017 793 2080 Et
808 2018 920 2082 cubito
932 2027 1096 2082 remanete
1111 2039 1236 2102 presso.

660 2117 769 2182 Vultis
785 2121 889 2184 severi
903 2141 955 2184 me
968 2141 1100 2203 quoque
1115 2142 1242 2185 sumere

623 2301 776 2352 sunnon
794 2305 909 2354 xxvn.
1067 2285 1102 2354 'et
1118 2319 1134 2353 a
1150 2304 1335 2371 componunt.
1351 2302 1394 2352 uu
1411 2299 1519 2350 munte
1535 2305 1563 2348 et
1574 2312 1643 2347 ven·

519 2363 687 2430 conspicimus
692 2365 744 2431 jam
756 2375 849 2433 poetam
861 2369 1045 2419 inmediacoru-
1076 2369 1155 2420 caude
1165 2371 1256 2437 percipi
1263 2369 1354 2419 debent
1360 2365 1454 2416 Bacchi
1464 2378 1575 2420 munera,
1586 2376 1641 2427 pro-

486 2428 606 2493 potatione
616 2433 1045 2487 versantemetatrenueibimodim·
1077 2434 1119 2482 cui
1136 2436 1219 2484 worse
1235 2434 1320 2501 jubeto
1335 2433 1400 2482 rixas
1416 2431 1566 2494 unguium.
1578 2427 1605 2475 h·
1616 2441 1642 2474 θ·

484 2491 600 2603 peratoris
615 2503 693 2560 partes
707 2507 825 2560 agentem.
860 2497 909 2547 Vix
925 2497 990 2547 euim
1004 2514 1045 2547 ao·
1078 2497 1110 2546 ad
1121 2499 1305 2550 rimotcoedem
1313 2503 1459 2565 spoctautoo.
1495 2493 1642 2541 Vera-undet

502 2556 559 2613 aleo,
574 2557 616 2623 qui
632 2559 732 2608 nimium
748 2562 804 2609 vino
819 2561 977 2620 incaluerant,
993 2561 1043 2611 rix·
1076 2562 1189 2622 Bocchus,
1200 2572 1229 2613 ut
1240 2563 1321 2629 rupi,
1334 2564 1373 2618 18,
1386 2563 1401 2610 7
1415 2559 1520 2608 Bocchus
1528 2559 1640 2611 mou.

485 2628 561 2676 antes,
573 2623 756 2680 tumultuantes,
765 2633 790 2672 et
800 2626 893 2692 pocubs
903 2627 1006 2676 invicem
1018 2641 1044 2676 se
1075 2626 1106 2675 da
1122 2629 1256 2678 reuocando
1274 2637 1300 2677 ot
1316 2626 1420 2682 modico,
1437 2621 1520 2688 qualis
1538 2620 1640 2670 Baccho

485 2693 592 2750 petentes
601 2687 674 2743 videt,
684 2703 740 2736 cum
751 2693 830 2740 atatim
841 2706 890 2739 non
902 2691 954 2740 sino
965 2691 1044 2756 indig-
1076 2691 1164 2756 placet,
1175 2693 1225 2741 viui
1238 2709 1292 2742 usu.
1326 2691 1444 2740 Bocchum
1453 2688 1574 2750 probibere
1583 2686 1642 2734 risit

484 2749 651 2800 nationeersu
681 2751 707 2811 ‘t‚
719 2769 760 2802 eos
772 2755 874 2816 graviter
887 2755 1004 2822 increpat,
1020 2764 1046 2805 ot
1076 2756 1203 2820 pro‚riraa
1219 2771 1340 2807 removete
1355 2764 1381 2804 et
1398 2766 1478 2803 rrcere
1492 2765 1507 2798 a
1523 2749 1641 2808 Baccho;

484 2829 533 2862 non
545 2815 623 2864 solum
639 2769 734 2865 ciuitate
749 2819 904 2868 barbaromm
915 2820 977 2870 inter
988 2821 1045 2869 vina
1076 2819 1111 2868 ric
1130 2821 1196 2886 apud
1215 2822 1270 2871 Liv.
1288 2819 1356 2877 xxxi,
1376 2821 1418 2873 2⁶,
1438 2818 1513 2880 Agros
1528 2818 1641 2889 sociorum

484 2893 549 2954 moro
566 2895 592 2929 ae
605 2880 699 2945 quietos
714 2891 794 2932 tenero
805 2882 883 2947 jubet,
904 2885 945 2934 sed
962 2901 1045 2934 eorum
1074 2887 1262 2947 populationibus
1276 2887 1394 2949 probibere
1407 2897 1459 2950 pro»
1472 2879 1642 2947 P⁰P¹¹¹⁸¹¹⁰¹¹ffi

483 2949 1046 3077 biffioiii'bifibf'oibiffi'32⁹2&
1077 2951 1422 3064 'mil‘ibiibff‘iffit
1439 3009 1643 3082 ornum

483 3081 507 3120 et
519 3073 622 3122 clamore
633 3073 756 3124 incondito
766 3075 797 3125 ad
806 3076 888 3142 jocum
901 3085 927 3126 et
936 3077 1044 3127 bilarita-
1077 3075 1180 3128 Immone
1188 3090 1302 3142 quantum
1308 3077 1438 3140 discrepat!
1455 3073 1513 3123 Dici
1522 3087 1590 3120 emm
1602 3089 1641 3122 vu

483 3143 531 3186 tenu
561 3147 665 3188 avertere
691 3139 779 3188 studet.
831 3141 946 3207 Appellat
971 3142 1046 3206 igitur
1076 3149 1161 3206 potest,
1173 3152 1293 3218 quantum
1308 3142 1388 3192 cades
1403 3155 1418 3189 a
1433 3136 1559 3188 nocturnis
1574 3153 1641 3186 com·

483 3201 611 3250 rixantium
622 3219 820 3315 unum‚‹puocum
833 3204 954 3254 baudelio
965 3215 1044 3272 pacto,
1076 3206 1242 3273 potationibus
1258 3207 1385 3282 dirumpet.
1424 3205 1509 3252 Modus
1525 3205 1642 3260 omnam»

483 3266 531 3315 uiri
546 3267 567 3316 io
582 3266 663 3316 atatim
675 3269 767 3342 puelm
802 3285 858 3318 uam
878 3280 943 3319 amet
959 3287 1046 3322 nomeu
1077 3269 1181 3344 gladius,
1193 3288 1265 3337 quom
1276 3272 1355 3328 Medi,
1367 3267 1517 3319 h.e.Parthi
1527 3267 1575 3329 (cf.
1586 3283 1642 3342 sup.

483 3331 529 3404 sibi
552 3330 701 3406 ipdicavent.
724 3349 749 3382 oe
769 3333 793 3382 bi
812 3333 899 3407 itunum
922 3350 976 3384 esso
995 3335 1030 3384 ait
1035 3355 1044 3396 ;
1077 3337 1130 3393 nb,
1143 3337 1199 3399 51),
1211 3345 1304 3401 gestata
1319 3336 1438 3388 solebant.
1453 3331 1505 3398 jam
1522 3347 1567 3397 pro
1585 3347 1641 3396 qur·

483 3393 525 3444 1110
534 3411 636 3462 pnmuru
645 3411 755 3446 recusare
763 3405 785 3447 et
795 3400 956 3461 tergiversari3
968 3400 1046 3448 Hora·
1076 3401 1172 3464 burquo
1192 3401 1265 3450 umis
1281 3401 1373 3467 quibus
1387 3397 1467 3449 cadas
1482 3404 1642 3462 perpetratur.

484 3459 532 3508 tiuo
555 3475 584 3510 eo
603 3461 682 3510 acn'uo
702 3461 798 3520 instare,
817 3471 906 3512 ettam
925 3464 1047 3514 laudando
1079 3464 1182 3514 Immone
1259 3477 1327 3515 ntum
1354 3479 1398 3532 pro
1422 3462 1464 3510 vul
1508 3461 1525 3518 ’,
1553 3459 1642 3509 mirm

483 3523 537 3588 ejus
549 3525 574 3573 in
587 3540 666 3574 amore
678 3525 835 3582 honestatem,
847 3543 921 3591 quam
934 3529 1005 3577 tidem
1021 3538 1047 3579 et
1079 3538 1205 3593 quantum,
1236 3529 1433 3593 ‚alongissime-
1479 3524 1642 3588 atpium·h·0·

482 3589 670 3638 taciturnitatem
687 3605 755 3639 suam
774 3591 941 3656 promittendo,
952 3593 975 3642 ei
991 3602 1045 3643 tan·
1077 3593 1198 3651 insanum,
1207 3610 1255 3658 quo
1262 3594 1469 3660 preterpietatem
1476 3599 1502 3640 ot
1508 3589 1641 3639 amicitiam

482 3652 536 3702 deur
554 3655 705 3720 persuadere,
722 3663 748 3704 ut
770 3657 833 3704 clem
870 3658 941 3708 uettae
959 3673 1046 3708 nomeu
1077 3657 1172 3706 sodales
1182 3667 1266 3707 contro
1275 3658 1370 3707 rodalos
1382 3663 1520 3720 assurgunt·
1553 3655 1640 3703 Etcu-

483 3717 529 3766 sibi
544 3718 569 3767 in
584 3733 653 3768 aures
670 3719 811 3770 insusurret.
860 3723 907 3770 'um
921 3723 1045 3780 Horatius,
1077 3724 1123 3770 bito
1133 3733 1246 3772 remaneto
1254 3739 1338 3786 presso,
1351 3737 1430 3788 neque
1439 3737 1469 3770 ex
1479 3718 1642 3770 lectisvootrio

482 3797 538 3830 cum
555 3784 676 3832 nominata
693 3782 783 3850 puella,
799 3799 874 3849 quam
889 3787 953 3836 bene
970 3796 1045 3845 norat,
1079 3785 1110 3833 ad
1120 3785 1196 3836 rixam
1207 3787 1312 3853 surgite;
1328 3789 1483 3836 occumbentes
1494 3783 1559 3833 euim
1575 3785 1642 3850 apud

482 3855 549 3896 tanta
570 3855 620 3896 arte
639 3856 663 3896 et
686 3849 817 3898 calliditate
835 3849 938 3914 juvenes
959 3852 1046 3900 amoris
1078 3858 1168 3899 veteres
1189 3869 1211 3901 u
1232 3855 1371 3927 reponebant
1394 3853 1436 3914 (ut
1455 3849 1501 3898 int.
1523 3849 1586 3898 Hor.
1604 3849 1641 3898 to-

482 3911 576 3976 taqueir
589 3911 678 3961 irretire
686 3921 710 3961 et
719 3913 820 3962 insutos
829 3921 907 3964 nuere
913 3914 1045 3974 didicisset,
1078 3914 1161 3990 quitur
1177 3917 1229 3966 Sat.
1244 3917 1270 3974 ir,
1283 3919 1307 3972 4.
1320 3916 1366 3979 ³9)
1384 3919 1411 3964 r'n
1424 3917 1538 3970 cubitum,
1556 3929 1642 3978 nempe

482 3984 510 4023 ut
520 3977 577 4024 inde
589 3977 695 4042 expediri
708 3993 753 4026 nou
767 3987 872 4044 possent,
885 3979 951 4028 haud
963 3980 1046 4029 lartum
1077 3978 1209 4030 sinistrum.
1254 3981 1343 4040 Pmoo,
1363 3981 1388 4028 h.
1410 3996 1433 4030 o.
1455 3978 1580 4045 imm,
1602 3979 1642 4027 Vel

482 4038 512 4088 de
539 4040 629 4089 sodalis
655 4041 694 4090 rui
718 4055 797 4091 amora
819 4043 885 4092 canit
909 4044 1045 4108 augurium.
1078 4040 1161 4093 innixo
1180 4061 1214 4094 sc.
1230 4045 1340 4110 pulvillis
1353 4043 1497 4104 substatia
1513 4041 1572 4092 hinc
1588 4043 1643 4116 put·

483 4105 544 4153 Corn
577 4121 603 4153 ra
620 4103 707 4154 similis
729 4107 815 4155 coloris
838 4123 934 4158 cannen
954 4110 1046 4159 Auacr.
1076 4107 1150 4157 villus
1168 4109 1318 4159 coenantium
1334 4109 1416 4158 cubito
1436 4107 1576 4174 suppositus
1597 4108 1642 4158 nt.

482 4169 534 4226 lvii,
546 4121 601 4234 εἴη
621 4179 663 4218 .et
674 4170 783 4234 Theogn.
796 4188 820 4220 v.
832 4173 881 4222 485
893 4189 947 4238 sqq.
1078 4173 1129 4222 Sat.
1147 4173 1174 4230 ii,
1192 4174 1217 4232 ³,
1237 4176 1292 4246 2554
1308 4173 1397 4223 dicitur
1411 4175 1510 4222 orbitat.
1544 4174 1639 4248 Oppor-

518 4235 589 4282 1-4.
603 4187 950 4294 iva1n‚h.e.tactis‚effictis.
977 4239 1044 4287 Mar·
1077 4245 1136 4286 tuna
1149 4238 1175 4286 iu
1192 4247 1336 4288 senteutiam
1345 4245 1469 4305 comparat
1484 4237 1526 4286 ct.
1538 4235 1640 4286 Mttsch.

482 4298 533 4347 tial.
557 4298 604 4355 xiv,
625 4300 680 4356 102,
701 4302 784 4364 Accipe
801 4303 903 4350 nonsibi
920 4305 1001 4351 cotiooo
1016 4307 1045 4351 do
1076 4301 1115 4350 Ph
1162 4304 1180 4350 l.
1195 4301 1639 4369 (Brunck.Gnom.p.92)‚Fr.vii,

480 4367 576 4427 putum
595 4373 668 4411 orator.
705 4363 732 4412 in
751 4381 816 4413 urum
835 4367 929 4422 totitt'c,
946 4367 972 4414 in
987 4382 1045 4416 eum
1077 4369 1134 4446 Χρὴ
1175 4367 1203 4418 lv
1212 4367 1342 4432 συμποσίῳ
1353 4369 1461 4417 κυλίων
1470 4383 1639 4432 περινισσομε·

482 4429 562 4486 finem,
575 4437 602 4475 ut
612 4437 691 4477 essent
703 4427 793 4478 letitia
805 4429 971 4480 instrumenta.
986 4432 1043 4495 &y-
1076 4449 1145 4481 ναων
1166 4429 1241 4482 'utta
1263 4435 1420 4483 κωτίλλοντα
1442 4429 1586 4496 καθήμην
1604 4431 1639 4480 oi·

479 4495 549 4554 pbou,
561 4491 604 4556 qui
631 4493 708 4558 ropria
723 4502 750 4541 ut
765 4495 891 4543 comburor
902 4495 949 4558 (cf.
961 4511 1014 4562 sup.
1026 4497 1043 4553 i,
1076 4496 1231 4554 νοποτάζειν.

481 4559 523 4613 20,
542 4558 582 4620 2),
625 4557 1044 4624 acchosacar,(1tlacrob.v,21),
1109 4561 1199 4609 9-12.
1217 4561 1316 4612 Sodalor
1326 4561 1517 4626 objurgationem
1533 4560 1641 4624 magbtri

482 4621 533 4684 jam
545 4637 587 4687 pro
598 4622 684 4686 quouis
698 4623 795 4689 poculo.
829 4624 944 4673 Tbroonm
955 4634 996 4682 ost,
1009 4640 1045 4674 oc.
1076 4624 1174 4674 bibendi
1186 4624 1250 4675 haud
1259 4626 1343 4692 iniquo
1355 4627 1435 4674 animo
1447 4625 1579 4698 accepisse,
1591 4625 1640 4673 imo

484 4702 549 4735 unos:
562 4687 594 4736 cs.
606 4702 661 4753 sup.
670 4687 699 4736 ad
712 4687 729 4744 i,
744 4689 782 4744 18,
792 4691 817 4737 9.
848 4689 1047 4752 anmtomqoo
1076 4703 1141 4749 oum,
1154 4699 1182 4738 ut
1194 4705 1243 4739 una
1254 4707 1337 4741 secum
1351 4692 1451 4747 biberet,
1463 4705 1540 4738 amice
1554 4705 1639 4755 provo·

483 4751 599 4800 Bocchum
617 4753 756 4818 Sanguinis
773 4755 889 4816 prohibete
907 4758 972 4812 otuu,
985 4754 1009 4804 b.
1022 4770 1044 4804 e.
1077 4769 1144 4805 casse
1157 4754 1282 4820 videntum
1299 4755 1355 4806 binc
1373 4756 1446 4805 dicit:
1465 4770 1508 4803 voa
1523 4770 1563 4804 me
1579 4754 1639 4804 iuvi·
