3659 5892
668 552 832 618 LIBER
855 552 883 631 Ι,
905 552 937 617 8.

315 705 440 770 Verum
454 706 512 769 ubi
526 727 602 770 oves
616 703 716 783 flirto,
731 706 847 770 morbo
862 703 990 788 periere
1006 700 1150 786 capellae,

314 805 415 891 Spem
427 808 563 872 mentita
578 829 683 891 seges,
699 808 760 870 bos
776 814 827 870 est
840 814 977 869 enectus
991 804 1133 881 arand03

315 907 472 972 Offensus
487 909 625 984 damrtis,
638 908 746 973 media
760 907 802 971 de
817 915 913 970 nocte
929 904 1090 970 caballum

314 1006 455 1094 Arripit,
470 1011 639 1094 iratusque
654 1007 801 1092 Philippi
815 1008 922 1071 tendit
937 1006 980 1070 ad
995 1005 1094 1069 aedee.

184 1154 193 1171 .
247 1109 292 1173 90
312 1110 421 1183 Quem
436 1109 531 1175 simul
544 1112 698 1196 adspexit
712 1110 863 1175 scabrum
876 1109 1105 1190 intonsumque
1121 1107 1306 1193 Philippus,

220 1296 226 1304 ¹
313 1212 440 1291 Durus,
456 1215 512 1290 ait,
525 1212 650 1289 VulteI,
665 1213 760 1276 nimis
775 1220 985 1294 attentusque
1000 1208 1120 1272 videris

312 1312 399 1379 Esse
414 1315 503 1379 mibi.
549 1314 622 1391 Pol,
636 1336 689 1378 me
702 1314 868 1389 miserum,
882 1321 1034 1397 patrone,
1048 1331 1194 1386 vocares,

313 1414 350 1479 Si
365 1416 475 1494 velles,
490 1417 607 1500 inquit,
623 1436 735 1479 verum
748 1413 828 1477 mihi
842 1434 966 1498 ponere
980 1432 1108 1476 nomen.

312 1516 414 1589 Quod
429 1528 461 1581 te
475 1539 536 1602 per
551 1517 707 1593 Genium,
722 1516 948 1598 dextramque,
964 1513 1123 1597 Deosque
1139 1512 1281 1578 Penates

137 1665 140 1669 »
248 1617 293 1680 95
313 1617 465 1683 Obsecro
479 1629 514 1683 et
528 1620 686 1694 obtestor,
701 1618 776 1681 vitae
789 1639 842 1681 me
855 1616 959 1680 redde
974 1615 1086 1699 priori.

313 1720 382 1793 Qut
396 1719 496 1784 semel
509 1720 674 1804 adspexit,
689 1728 846 1803 quantum
862 1718 995 1781 dimissa
1010 1715 1121 1800 petitis

312 1818 487 1898 Praestent,
501 1831 627 1885 mature
640 1822 765 1897 redeat,
780 1830 975 1905 repetatque
989 1817 1112 1883 relicta.
1224 1904 1226 1907 Ι

311 1920 425 1986 Metiri
439 1945 474 1987 se
488 1945 649 2008 quemque
664 1944 725 1989 suo
740 1922 872 1988 modulo
886 1944 925 1987 ac
940 1920 1037 2007 pede,
1053 1942 1166 1987 verum
1181 1929 1243 1985 eet.

619 2195 861 2261 EPISTOLA
882 2196 981 2262 VIII.

501 2392 561 2441 AD
581 2391 744 2441 CELSUM
767 2390 1099 2440 ALBINOVANUM.

312 2528 424 2594 Cnnso
438 2530 594 2614 gaudere,
610 2540 644 2595 et
658 2532 742 2593 bene
756 2551 824 2593 rem
839 2551 966 2613 gerere,
981 2527 1199 2605 Albinovano,

312 2630 416 2698 Musa
429 2642 555 2715 rogata,
567 2630 665 2707 refer,
681 2631 790 2695 comiti
806 2631 987 2715 acribaeque
1003 2630 1158 2695 Neronis.

310 2731 347 2796 Si
361 2742 497 2817 quaeret,
512 2732 593 2815 quid
608 2754 713 2817 agam,
729 2732 794 2810 dic,
808 2732 912 2797 multa
926 2743 960 2797 et
974 2732 1112 2818 pulchra
1126 2732 1311 2807 minantem,

255 2918 297 2965 84.
315 2916 416 2977 Crepotr
433 2914 483 2965 vid.
497 2932 553 2982 sup.
569 2916 600 2965 ad
612 2916 661 2965 0d.
672 2917 691 2974 i,
704 2918 744 2975 18,
757 2920 783 2965 5.
815 2931 889 2982 quam
907 2917 1011 2982 reliquit,
1029 2918 1106 2967 multo
1122 2915 1244 2965 meliorem
1264 2928 1317 2963 esse
1336 2914 1379 2962 illa

224 2981 260 3028 Pr
308 2991 348 3027 rot
360 2981 441 3037 ulmm,
452 2988 520 3045 aptas
530 2980 608 3029 reddit
618 2980 696 3029 ulmos
706 2980 783 3047 sppli·
816 2996 889 3045 quam
909 2980 1017 3046 appetiit.
1053 2982 1136 3030 Veram
1153 2990 1195 3037 cst,
1211 2994 1316 3044 equum,
1328 2992 1379 3027 rec·

223 3058 268 3092 can
285 3043 414 3092 isritibus.
816 3053 878 3101 tum,
890 3046 927 3093 Ias
938 3054 983 3101 est,
996 3046 1080 3106 decet;
1098 3045 1153 3093 bInc
1164 3043 1209 3092 int.
1221 3043 1300 3108 Epist.
1312 3040 1329 3098 i,
1339 3043 1378 3100 12,

254 3110 296 3157 85.
313 3107 449 3156 immoritur
459 3110 557 3156 stodilo.-
575 3106 617 3171 qui
628 3115 694 3157 totns
708 3116 746 3157 cat
759 3108 785 3157 in
816 3110 858 3164 2³,
879 3109 1016 3173 junguntur
1034 3126 1112 3158 oerum
1131 3115 1156 3157 et
1172 3124 1269 3171 cqurrm,
1286 3114 1311 3155 et
1323 3120 1379 3170 sup.

222 3171 255 3219 ali
271 3186 304 3219 ua
321 3187 355 3227 re,
375 3172 414 3221 vel
435 3186 461 3219 se
480 3180 556 3220 totum
577 3171 651 3221 alicui
668 3172 703 3221 rei
721 3179 783 3221 trac-
816 3172 895 3238 Epist.
913 3174 931 3229 i,
956 3174 978 3229 1,
999 3175 1037 3230 ll,
1059 3190 1138 3221 oerum
1155 3180 1180 3219 et
1193 3175 1283 3219 moeris:
1302 3170 1380 3218 multa

316 3233 425 3292 devovet,
436 3234 458 3282 is
468 3238 546 3283 dudio
555 3235 630 3311 hujus
639 3234 674 3285 rei
684 3238 783 3294 immori,
816 3236 925 3300 exempla
939 3235 969 3286 de
984 3237 1029 3285 bac
1041 3234 1213 3301 significatione
1224 3234 1291 3283 vocis
1300 3250 1379 3282 oerum

221 3308 246 3347 et
261 3298 334 3363 isqui
344 3298 370 3347 in
384 3297 526 3362 colligendis
541 3298 632 3348 divitiis
641 3301 676 3348 ita
690 3314 716 3348 se
733 3314 785 3347 ma·
817 3299 934 3349 dederunt
951 3302 1057 3349 Gronov.
1069 3309 1094 3350 et
1112 3300 1234 3349 Drakenb.
1245 3298 1276 3347 ad
1288 3297 1342 3346 Lis.
1352 3297 1378 3356 ii,

222 3373 287 3412 cerat
302 3371 327 3411 et
343 3363 448 3418 conficit,
465 3371 494 3411 ot
510 3371 567 3412 ante
582 3362 646 3412 diem
662 3377 786 3413 senescere
818 3366 859 3420 48,
872 3366 885 3427 t
896 3367 922 3413 2.

221 3426 339 3483 rideatur,
349 3428 471 3490 eleganter
479 3428 577 3476 labendi
586 3443 662 3475 amore
671 3443 782 3475 nouom

222 3490 326 3549 dicitur;
342 3490 377 3539 sic
389 3489 522 3556 γηράσκειν
531 3489 597 3556 apud
608 3492 716 3541 Grecos.
962 3492 1133 3541 EPISTOLA
1152 3490 1230 3541 v111.

254 3556 295 3604 87.
311 3555 468 3611 Mentitoast,
477 3554 668 3615 elusit,t‘eiellit;
684 3554 782 3619 sicenp.
847 3554 962 3604 Horatius
972 3564 1047 3604 semet
1057 3555 1146 3619 ipsum,
1158 3564 1186 3602 ut
1201 3551 1320 3602 bominem
1334 3552 1375 3600 mi-

222 3618 271 3668 od.
281 3618 318 3675 iii,
332 3621 355 3675 l,
366 3620 408 3674 88,
411 3619 508 3682 fundus
517 3622 623 3667 mendas.
814 3632 861 3665 nus
875 3626 955 3667 mente
972 3633 1044 3684 quarn
1055 3634 1153 3683 corpore
1163 3616 1279 3673 validum,
1290 3615 1341 3664 sive
1353 3625 1380 3664 ut

253 3684 295 3731 89.
319 3683 451 3746 iramque,
471 3682 517 3731 sibi
536 3682 592 3747 ipsi,
613 3683 680 3758 quod
699 3698 784 3748 possm
815 3681 944 3738 bominem,
956 3685 1024 3739 mito,
1033 3682 1097 3746 quod
1107 3688 1202 3737 vocant,
1212 3681 1378 3744 lypoclondrt-

221 3746 299 3795 Inerat
313 3762 339 3795 se
355 3745 455 3811 impelli,
467 3746 579 3795 utvitam
589 3754 696 3811 quietam
706 3756 732 3795 et
739 3747 781 3811 ju·
813 3762 854 3793 oco
871 3746 1028 3803 laborantem,
1049 3754 1074 3795 et
1090 3754 1137 3795 tam
1158 3745 1287 3794 amicorum
1306 3760 1379 3808 qnam

221 3809 326 3859 condam
340 3818 444 3859 mutaret
454 3825 510 3859 cum
520 3810 570 3858 rita
579 3810 688 3875 inquieta
701 3819 727 3860 et
742 3812 782 3859 iu·
813 3808 960 3858 medicorum
972 3809 1078 3858 consiliis
1088 3809 1244 3862 obnitentem.
1256 3808 1378 3856 describit.

219 3874 337 3939 jucunda.
815 3872 903 3922 Celsus
914 3873 1091 3931 Albinovanus,
1103 3874 1135 3921 ad
1151 3888 1222 3938 quem
1238 3871 1327 3937 scripta
1341 3880 1379 3921 est

252 3940 294 3988 90.
311 3937 540 4002 Smtnrmleuom
557 3937 676 4001 squaloris
689 3946 715 3986 et
731 3951 781 3984 sor-
813 3936 867 3985 brac
893 3937 1004 4003 epistola.
1026 3938 1091 3987 idem
1118 3954 1168 3987 esse
1190 3935 1284 3985 videtur
1307 3950 1377 3998 quem

220 4000 267 4058 dis,
286 4001 424 4059 borridum
441 4016 497 4049 nam
516 4010 644 4065 postquam
662 4002 738 4050 Mena
756 4016 783 4048 es
815 4015 869 4065 sup.
889 4002 967 4066 Epist.
978 4002 995 4059 i,
1007 4004 1032 4057 8,
1046 4005 1076 4052 15
1086 4018 1141 4067 sqq.
1159 4008 1187 4050 ut
1203 4008 1306 4067 poetam,
1319 4000 1376 4049 alio-

220 4068 295 4114 sa'tido
312 4064 497 4139 (comnotus
514 4069 689 4139 antrustione,
704 4072 781 4115 exter·
813 4080 865 4111 mm
886 4066 974 4140 sennia
1000 4066 1178 4140 compilantern,
1200 4072 1378 4114 commemorat.

220 4128 782 4266 ”tfffltftltt.ttt.⁰¹t...,....
814 4129 1379 4258 lt.tttttttttlttdltfftttted

221 4257 299 4322 Epist.
310 4272 327 4314 r,
341 4258 381 4312 16,
393 4257 493 4314 tostus
505 4260 781 4320 meardumaresqus.
815 4257 997 4334 Horatiuserpa
1011 4259 1071 4307 elios
1089 4257 1178 4307 amicos
1193 4258 1219 4305 in
1231 4256 1378 4305 carminibus

219 4324 380 4383 attentusque,
391 4318 537 4379 sentirem,
549 4321 574 4369 h.
585 4337 609 4370 e.
621 4335 714 4369 avarus.
815 4320 866 4369 suis
875 4331 999 4386 expressit.

252 4386 294 4434 88.
322 4385 411 4432 Ponere
435 4401 523 4442 mm,
549 4385 679 4450 imponere,
707 4384 781 4433 dare:
848 4386 921 4434 1-8.
938 4386 986 4434 Pro
1008 4385 1117 4449 simplice
1138 4384 1291 4450 epistolarum
1311 4383 1376 4457 apud

220 4463 275 4514 sup.
290 4449 343 4497 Sat.
354 4448 381 4505 ii,
392 4449 418 4505 8,
428 4450 469 4506 ta,
483 4452 524 4512 qut
540 4452 584 4498 tibi
601 4467 681 4498 nonen
699 4447 784 4497 lusorio
816 4448 915 4501 Latinos
935 4449 1089 4515 inscriptione
1108 4451 1214 4506 salutem,
1235 4448 1309 4496 utitur
1324 4462 1375 4511 Jam

814 4512 929 4562 Horatios
947 4513 1050 4563 formula
1066 4528 1138 4625 quam
1162 4511 1241 4561 Greci
1256 4512 1377 4575 praeligare

252 4529 359 4626 &in-298.
378 4576 425 4630 Qui
443 4578 509 4623 seond
525 4578 637 4639 adsperit,
647 4575 716 4631 vidit,
728 4575 780 4624 ani·
813 4576 891 4625 solent
906 4577 1187 4643 ορίιω1ἰ3,χαρεινιαί
1202 4576 1228 4625 εὖ
1244 4574 1376 4639 πράττειν.

220 4640 354 4698 madvettit,
376 4639 503 4689 intellexit.
543 4642 663 4694 Quantum
688 4642 782 4689 dimisso
815 4642 899 4690 Comits'
908 4641 1148 4704 scritoequcNeroois:
1163 4640 1188 4688 in
1200 4638 1315 4687 comitatu
1327 4639 1377 4688 aive

218 4707 297 4765 petitis
321 4704 443 4762 Praeterit,
465 4719 518 4753 eam
538 4704 595 4753 rite
620 4703 780 4754 conditionem
813 4704 838 4754 in
849 4706 946 4755 cohorte
955 4705 1045 4755 Tiberii
1056 4705 1155 4755 Claudii
1166 4702 1278 4761 Neronis,
1290 4711 1341 4751 tom
1350 4702 1377 4752 in
