3659 5892
484 490 548 557 498
864 494 1258 561 EPISTOLARUM

571 646 683 712 Odisti
699 648 816 727 claves,
833 661 867 714 et
881 661 975 736 grata
991 648 1096 735 sigilla
1110 651 1249 736 pudico:

571 749 691 817 Paucis
704 755 834 819 ostendi
849 756 962 839 gemis,
979 764 1013 819 et
1028 756 1208 820 communia
1222 754 1347 819 laudas.

517 854 539 917 5
570 853 650 919 Non
664 856 711 919 ita
725 858 885 921 nutritus!
931 854 1035 942 Fuge,
1051 878 1117 941 quo
1132 856 1332 922 descendere
1347 858 1467 943 gestis:

571 958 650 1023 Non
665 960 728 1023 erit
742 960 860 1024 emisso
875 960 1001 1024 reditus
1017 960 1087 1024 tibi.
1134 959 1226 1032 Quid
1240 961 1338 1024 miser
1352 962 1428 1045 egil

572 1060 664 1133 Quid
675 1062 784 1127 voluit
806 1063 909 1140 dices,
925 1062 984 1127 ubi
998 1064 1072 1146 quis
1088 1073 1121 1127 te
1135 1060 1272 1140 laeserit3
1295 1073 1331 1127 et
1344 1064 1419 1141 sci's,

572 1162 610 1226 ln
625 1164 724 1229 breve
739 1174 772 1230 te
785 1167 870 1253 cogi,
887 1164 1004 1251 plenus
1017 1186 1117 1251 quum
1131 1164 1265 1251 languet
1279 1175 1413 1230 amator.

571 1265 673 1339 Quod
689 1269 717 1331 si
732 1291 797 1334 non
811 1270 888 1334 odio
902 1270 1069 1355 peccantis
1082 1268 1203 1353 desipit
1219 1288 1335 1353 augur,

510 1367 549 1432 10
572 1367 678 1433 Carus
693 1372 758 1435 eris
773 1370 900 1450 Romoe,
916 1372 1021 1437 donee
1037 1382 1070 1436 te
1085 1372 1216 1436 deseret
1231 1381 1321 1436 aetes

571 1470 801 1538 contrectatus
816 1475 874 1539 ubi
889 1476 1037 1539 manibus
1054 1474 1244 1539 sordescere
1260 1472 1348 1559 vulgi

571 1576 733 1661 Coeperis,
750 1587 807 1641 aut
822 1578 926 1641 tineas
942 1599 1057 1662 pasces
1073 1578 1255 1642 taciturnus
1271 1578 1403 1655 inertes,

571 1675 642 1743 Aut
657 1678 762 1763 fugies
779 1678 922 1756 Uticam,
938 1689 994 1743 sut
1010 1681 1136 1745 vinctus
1153 1680 1289 1745 mitteris
1306 1680 1456 1746 Ilerdam.

571 1780 710 1845 Ridebit
724 1782 864 1845 monitor
879 1804 945 1846 non
960 1782 1154 1861 exauditum
1178 1781 1283 1847 utille

643 1984 813 2035 EPISTOLA
830 1986 888 2035 XX.
1078 2000 1146 2035 snam
1165 1986 1320 2036 muniendam
1335 1996 1407 2052 grata
1427 1996 1484 2037 sunt
1501 1992 1593 2053 rigillo,
1614 1989 1649 2039 ita

517 2046 641 2107 Horatius,
651 2049 770 2099 simulans
780 2051 846 2098 hunc
856 2051 957 2116 primum
974 2050 1046 2118 Epis·
1078 2054 1175 2099 modesto
1194 2053 1253 2100 libro
1272 2060 1365 2117 gratum
1386 2068 1440 2101 ears
1458 2053 1569 2109 debebat,
1595 2070 1648 2119 quo

484 2112 587 2164 telarum
603 2114 689 2164 librum
705 2114 915 2181 ipsoinritoviam
930 2132 958 2165 ea
973 2132 1045 2181 pene-
1079 2116 1178 2171 latebat,
1188 2115 1311 2165 scrinium.
1341 2117 1500 2182 Respondent
1510 2126 1574 2167 certe
1587 2120 1649 2167 buie

484 2178 585 2228 tualibus
603 2179 714 2229 affectare
730 2180 754 2228 in
772 2179 906 2254 publicum,
919 2180 977 2238 lata,
990 2198 1046 2246 quar
1077 2180 1176 2245 imagini
1186 2190 1236 2230 tam
1245 2182 1341 2231 verbnm
1353 2192 1456 2245 prostare
1464 2182 1494 2231 de
1502 2182 1646 2249 impudicis,

485 2244 554 2291 illum
572 2244 598 2292 in
613 2244 658 2294 hoc
671 2252 796 2294 temerans
807 2245 908 2294 consilio
920 2245 1046 2311 persisten·
1078 2260 1151 2310 quam
1163 2246 1286 2311 sequentia
1297 2246 1324 2294 in
1333 2262 1356 2294 v.
1364 2250 1389 2296 5.
1418 2248 1469 2295 Nm
1481 2251 1515 2295 itu
1526 2252 1647 2305 nutritus,

485 2316 532 2357 tem
551 2318 671 2366 maneant,
685 2316 799 2385 tanquam
814 2318 880 2360 vates
894 2310 970 2359 canit.
1003 2312 1047 2369 At,
1079 2325 1126 2359 non
1143 2310 1252 2359 itaame
1267 2310 1383 2360 educatus
1400 2328 1442 2371 es3
1459 2312 1505 2361 hac
1522 2312 1648 2363 sentiendi

485 2372 507 2421 si
523 2372 625 2438 legimus
638 2390 720 2423 versus
736 2373 793 2423 inde
809 2388 824 2423 a
838 2390 861 2422 r.
873 2376 901 2423 tt
914 2378 928 2437 (
934 2376 982 2424 Huc
992 2392 1047 2439 quu-
1080 2374 1214 2441 agendique
1225 2375 1317 2425 ratione
1328 2391 1342 2424 a
1353 2392 1392 2425 me
1407 2390 1456 2425 non
1474 2376 1584 2427 imbutus
1600 2392 1647 2437 ως

550 2448 572 2488 te
590 2442 682 2501 mmet)
702 2439 804 2496 additos,
825 2439 951 2489 Horatium
972 2455 1047 2507 apum,
1079 2440 1153 2489 talem
1172 2450 1196 2490 te
1212 2454 1261 2488 non
1279 2440 1347 2489 finxi.
1381 2442 1533 2498 Dmeendere,
1551 2442 1648 2491 scilicet

502 2502 663 2552 ecarminnm
681 2518 778 2553 suorum
793 2502 971 2553 immortalitate
985 2520 1046 2571 prae·
1078 2503 1104 2553 in
1124 2505 1186 2561 loca,
1221 2521 1260 2554 me
1283 2506 1344 2555 libor
1363 2507 1484 2565 burinint,
1504 2510 1646 2565 mmmuui'a,

485 2576 589 2633 ceptam,
605 2576 629 2617 et
647 2584 702 2635 aup.
717 2570 743 2618 in
761 2568 811 2619 Od.
822 2568 848 2627 ii,
859 2572 901 2626 20,
918 2567 953 2625 iii,
972 2570 1013 2626 ³0,
1025 2576 1049 2618 et
1080 2568 1105 2618 b.
1114 2584 1136 2619 e.
1148 2586 1163 2617 a
1173 2520 1255 2619 milltia
1266 2570 1313 2634 legi
1325 2570 1445 2637 cupiebat.

486 2632 685 2697 iu,9magnitice
699 2634 840 2709 expositam,
852 2634 878 2682 in
895 2634 941 2682 bac
953 2650 1049 2699 quoque
1112 2636 1137 2683 6.
1165 2636 1246 2692 Miser,
1268 2650 1312 2699 ego
1335 2636 1467 2684 temeritate
1492 2648 1547 2684 mea
1572 2634 1647 2684 miser

486 2697 597 2763 Epistola
609 2697 673 2747 haud
684 2697 835 2748 dissimulare
848 2698 919 2749 facile
934 2698 1048 2763 intelligi·
1081 2698 1169 2749 motus.

485 2778 548 2811 mus.
582 2764 694 2813 Ceterum
712 2764 764 2813 hac
784 2764 840 2812 iibri
857 2762 929 2839 primi
952 2764 1047 2831 Episto-
1112 2766 1136 2814 Β.
1153 2765 1182 2813 lu
1194 2766 1259 2813 brem
1271 2774 1292 2813 te
1303 2767 1362 2827 cogi,
1373 2772 1396 2813 te
1410 2763 1435 2811 in
1446 2774 1575 2829 agnatum
1588 2778 1646 2829 spa-

487 2827 563 2876 lamm
581 2828 674 2884 ultima,
686 2836 714 2877 ut
733 2843 807 2903 snpra
820 2828 905 2877 ultima
923 2828 979 2877 Oda
994 2826 1049 2877 libri
1079 2828 1139 2877 tium
1157 2828 1281 2885 coarctari,
1297 2830 1414 2885 convolvi,
1428 2829 1511 2894 redigi,
1528 2846 1572 2894 pro
1591 2828 1645 2877 rul-

486 2893 586 2942 secundi
604 2906 629 2942 et
650 2893 705 2943 libri
723 2894 795 2951 tertii,
814 2893 897 2943 baberi
916 2894 989 2943 debat
1008 2910 1049 2961 pro
1081 2894 1140 2957 gari,
1152 2908 1181 2942 ex
1192 2894 1303 2943 manibus
1314 2895 1411 2961 seponi:
1430 2896 1576 2943 membranae
1587 2908 1645 2942 evo·

486 2956 588 3022 epilogo.
1080 2958 1137 3008 lutae
1156 2958 1273 3015 latiorem,
1291 2960 1424 3007 convolute
1442 2968 1466 3007 et
1484 2974 1513 3007 ex
1533 2960 1646 3007 manibus

522 3024 581 3079 1,2.
601 3023 760 3071 Vertumnum.
798 3023 903 3073 Dades
926 3024 1050 3071 Vertumuo
1081 3022 1190 3089 seponite
1218 3024 1379 3087 angumiorem
1407 3022 1486 3072 locnrn
1514 3032 1645 3089 occupant.

487 3086 519 3134 cl.
532 3104 584 3154 sup.
596 3088 628 3136 ad
639 3090 691 3137 Sat.
704 3087 729 3145 ii,
746 3090 770 3145 7,
785 3090 825 3137 lt.
859 3088 916 3136 Nou
934 3088 1017 3155 procul
1035 3102 1050 3135 a
1082 3090 1178 3144 Plenus,
1190 3087 1291 3151 legendo
1301 3088 1380 3137 laasna
1391 3096 1415 3138 et
1430 3088 1578 3149 exutarum
1595 3091 1645 3151 ple-

487 3154 576 3217 templo
590 3154 716 3202 Vertumni
732 3162 758 3202 et
775 3152 835 3202 lani
851 3162 919 3201 erant
966 3152 1049 3208 rticus,
1082 3170 1126 3201 nus
1142 3152 1282 3217 simpliciter
1299 3170 1350 3220 pro,
1366 3163 1440 3209 satur,
1451 3168 1506 3219 enp.
1517 3154 1568 3201 Sat.
1580 3152 1608 3211 ii,
1619 3153 1644 3207 2,

488 3216 519 3264 ad
531 3233 633 3282 quarum
644 3218 770 3267 columnas
780 3218 819 3266 vel
834 3217 896 3284 pilas
911 3218 936 3267 bi
954 3217 1049 3283 liopolre
1083 3219 1123 3276 ts,
1138 3220 1196 3266 Cum
1211 3218 1297 3279 rapula
1314 3220 1396 3281 plenus
1411 3220 1485 3281 Atque
1498 3220 1579 3267 acidae
1596 3234 1645 3265 mn-

488 3283 513 3329 in
533 3282 639 3332 tabernis
649 3283 687 3332 vel
703 3283 729 3331 in
742 3282 850 3332 armariis
866 3282 940 3331 libros
953 3281 1051 3332 venales
1082 3285 1133 3331 unit
1161 3284 1247 3340 incius,
1269 3284 1311 3331 ubi
1333 3282 1383 3331 vid.
1404 3290 1454 3330 not.
1477 3282 1542 3347 apud
1571 3280 1646 3331 Ovid.

488 3346 625 3397 bibebant:
649 3364 704 3415 sup.
719 3350 770 3397 Sat.
788 3346 805 3404 i,
821 3350 846 3402 4,
859 3348 899 3405 17,
920 3348 995 3397 Nulla
1012 3357 1049 3396 ta·
1083 3348 1166 3395 Amor.
1178 3346 1203 3403 ii,
1215 3349 1240 3403 6,
1252 3348 1285 3397 29
1300 3348 1330 3397 de
1347 3356 1440 3395 mortuo
1457 3348 1570 3413 psittaco,
1590 3348 1644 3394 Pte-

488 3415 558 3461 beruu
570 3415 726 3469 meminiret,
738 3414 877 3478 septupilc,
890 3414 993 3469 libellos,
1008 3411 1051 3461 ubi
1083 3430 1127 3461 uus
1141 3428 1191 3460 erus
1207 3414 1310 3469 minime,
1322 3421 1388 3461 satur
1402 3426 1455 3460 eras
1469 3411 1570 3460 minimo
1581 3412 1645 3461 cibo.

489 3476 521 3525 ci.
536 3486 586 3526 not.
620 3478 693 3527 Liber
706 3477 780 3542 igitur
790 3478 833 3543 qni
843 3477 913 3526 vendi
930 3486 954 3527 et
971 3476 1050 3543 publi·
1083 3477 1209 3527 Bentleius
1225 3476 1349 3527 commode
1367 3476 1448 3525 attulit
1465 3477 1546 3526 locum
1562 3474 1645 3526 Ovidii

488 3542 537 3590 cari
558 3541 633 3609 cupit,
647 3543 726 3609 lepide
745 3542 833 3591 dicitur
849 3552 952 3605 spectare
968 3542 999 3591 ad
1016 3541 1051 3590 lo·
1084 3544 1121 3591 Ex
1133 3542 1205 3591 Pont.
1216 3540 1251 3598 iii,
1269 3544 1293 3597 t,
1306 3544 1346 3600 65,
1359 3541 1400 3591 ubi
1416 3541 1503 3607 pariter
1521 3543 1592 3590 luetur
1603 3556 1644 3590 ex·

488 3623 543 3655 cum
560 3610 601 3656 ubi
614 3608 669 3656 libri
679 3606 824 3657 venduntur.
851 3608 979 3655 Sosiorum:
996 3608 1052 3656 Vet.
1083 3606 1184 3655 satiatus
1193 3606 1524 3671 simpliciterdiciturpleuua.
1540 3608 1644 3660 Amatur,

489 3672 580 3728 Sobel..
603 3674 662 3722 Sosii
684 3674 726 3721 iliu
748 3683 845 3735 tempore
865 3673 958 3737 fratres
984 3682 1053 3721 eruut
1085 3670 1262 3722 accommodate
1270 3670 1300 3720 ad
1308 3671 1645 3737 imaginemagynaeeodnc·

488 3739 612 3800 bibliopola
634 3740 792 3786 eelebmimi:
815 3736 860 3785 inl.
879 3737 904 3785 in
924 3736 1001 3803 Epist.
1021 3735 1053 3784 ad
1084 3746 1143 3793 tam,
1155 3737 1302 3848 prolectore.

490 3802 612 3860 Pisaeo,
625 3804 673 3852 llic
686 3812 813 3851 meretum
826 3802 972 3850 liberScriir.
1001 3802 1051 3849 Pu·
1116 3804 1142 3857 9,
1171 3802 1195 3849 0.
1214 3802 1280 3855 Qreod
1296 3804 1373 3849 tinen
1385 3802 1435 3849 odio
1451 3803 1575 3863 perminis,
1588 3806 1645 3849 cett.

489 3870 545 3915 mire
557 3871 665 3924 muudus,
677 3867 771 3932 pumice
785 3866 911 3931 levigatus
923 3874 947 3915 et
958 3882 988 3915 ex
1020 3866 1050 3914 li·
1083 3865 1188 3931 quodsi
1211 3881 1259 3915 non
1281 3865 1361 3914 odium
1384 3874 1483 3928 ergata
1503 3872 1645 3931 peccarim

489 3940 545 3990 tus;
563 3947 618 3981 nam
636 3949 691 3997 qum
708 3933 733 3981 in
749 3931 892 3981 membranis
905 3940 975 3979 erant
998 3932 1052 3980 rirta
1084 3932 1122 3995 (in
1134 3930 1258 3998 publicum
1273 3930 1367 3979 scilicet
1380 3929 1551 3980 descensurum
1570 3929 1645 3978 inrito

490 4006 514 4046 et
531 4012 623 4063 aspera,
635 3997 812 4046 abradebantur
828 3996 938 4063 pumice:
956 3996 1005 4045 vid.
1021 3995 1052 4044 ad
1085 3996 1198 4059 Horatio)
1222 3995 1375 4045 vaticinantia
1399 4004 1502 4045 mentem
1524 3995 1644 4060 pervertit.

491 4062 585 4111 Catull.
601 4064 624 4119 l,
640 4064 665 4119 2,
683 4063 725 4112 ubi
745 4071 782 4111 ert
799 4063 891 4110 libellus
905 4064 996 4125 pumice
1013 4078 1051 4111 ea·
1086 4062 1162 4109 Donec
1182 4072 1204 4109 te
1222 4062 1308 4111 deseret
1324 4072 1386 4117 etur,
1405 4061 1482 4109 donec
1499 4068 1580 4117 rotate,
1598 4072 1646 4125 qua

487 4130 583 4189 purime
1085 4126 1193 4183 florebas,
1204 4136 1289 4177 exacta
1297 4140 1462 4175 consenescat.
1485 4126 1533 4173 Pro
1544 4124 1646 4173 lectione

523 4194 597 4241 3-5.
615 4194 692 4241 Odisti
707 4194 789 4250 claues,
800 4198 858 4239 cett.
869 4189 982 4256 displicet
999 4190 1052 4247 tibi,
1084 4194 1177 4248 demit,
1186 4190 1327 4247 veldesemt,
1335 4190 1364 4238 ad
1374 4191 1443 4240 fidem
1453 4188 1557 4257 plurium
1567 4188 1646 4239 Cudd.

490 4256 1052 4387 lt.²il⁰t.⁰l‡.”⁵3titt¹’²,‘s.it⁰tttitt
1086 4256 1520 4382 ‘ti.¹l:tti¹¹*¹’.tittzt.,...
1539 4318 1648 4367 ..um

489 4360 562 4463 atqde
579 4388 708 4454 pulverem.
741 4389 827 4437 Plures
844 4386 984 4451 interpretes
999 4386 1052 4435 Ilo·
1084 4402 1140 4451 sup.
1152 4388 1203 4435 Sat.
1214 4386 1232 4441 i,
1244 4388 1268 4442 4,
1280 4386 1321 4441 72,
1334 4402 1414 4435 munus
1430 4386 1497 4448 uutgt
1513 4384 1645 4431 libellisiu-

490 4463 576 4501 ratium
584 4452 715 4518 respexisse
725 4460 810 4517 putant
821 4465 944 4515 gynecea,
951 4466 1053 4515 quorum
1084 4454 1168 4500 tudam
1178 4450 1299 4500 dicuntur.

491 4518 582 4567 iuribus
593 4526 642 4566 tam
653 4518 743 4567 clostra
754 4518 927 4581 affligebantur,
936 4532 1009 4579 quam
1020 4516 1053 4564 ai·
1121 4517 1160 4572 12,
1175 4518 1214 4564 13.
1233 4516 1381 4569 Tacitaruus,
1394 4513 1516 4577 eleganter
1529 4511 1560 4561 de
1575 4512 1644 4565 libra,

507 4582 549 4631 illa
566 4583 770 4647 imprimebantur.
803 4582 843 4631 De
857 4579 894 4629 bis
904 4582 1052 4645 sigillislau-
1085 4580 1135 4647 qui,
1154 4594 1202 4629 nou
1221 4580 1312 4631 babens
1329 4580 1439 4629 lectorem
1456 4592 1561 4642 quocum
1577 4574 1644 4642 quasi

539 4657 550 4696 t
568 4648 678 4698 Kirchm.
689 4647 720 4697 de
738 4645 855 4703 Annalis,
871 4660 926 4710 cap.
939 4660 962 4700 r,
974 4660 998 4710 p.
1011 4648 1052 4695 tt.
1085 4646 1263 4703 sermocinetur,
1271 4652 1342 4694 tacet.
1366 4645 1452 4693 Tinea:
1469 4642 1499 4691 de
1510 4642 1541 4691 iia
1551 4654 1646 4707 qnoque

492 4712 699 4772 Quemadmodum
729 4716 820 4775 pudicit
851 4708 883 4758 ad
913 4710 1052 4776 pudicitiam
1085 4707 1644 4777 vermiculis,quichartasetlibroacormdnnt.
