3659 5892
440 542 505 609 βω
900 524 1133 591 EPODON

617 687 781 769 Priusque
796 680 915 747 eoelum
930 680 1016 745 sidet
1031 677 1166 745 inferius
1181 679 1274 757 mari,

553 792 597 858 80
746 785 882 851 Tellure
897 792 1050 869 porrecta
1065 803 1176 867 super,
1230 828 1236 837 .

617 893 727 966 Quam
741 910 808 953 non
822 908 932 951 amore
948 885 994 951 sie
1007 906 1080 949 meo
1095 883 1227 969 flagres,
1242 884 1293 949 uti

750 991 905 1055 Bitumen
920 988 1000 1053 atris
1014 987 1158 1071 ignibus.

598 1138 602 1147 ·
620 1096 690 1161 Sub
704 1094 776 1159 haec
791 1114 885 1178 puer,
896 1092 966 1176 jam
980 1112 1057 1167 non,
1072 1100 1212 1169 utente,
1226 1089 1378 1155 mollibus

750 1194 871 1259 Leuire
886 1193 995 1259 verbis
1010 1192 1144 1277 impias3

553 1305 598 1370 85
619 1300 688 1367 Sed
702 1298 835 1375 dubius,
851 1296 940 1361 unde
955 1304 1122 1379 rumperet
1136 1294 1309 1371 silentium,

752 1399 845 1465 Misit
860 1398 1047 1483 Thyesteas
1062 1419 1194 1481 preces:

620 1506 760 1573 Venena
774 1523 927 1587 magnum
941 1499 991 1563 fas
1006 1499 1175 1583 nefasque,
1190 1522 1257 1564 non
1270 1499 1379 1565 valent

750 1606 950 1671 Convertere
964 1602 1138 1666 humanam
1152 1604 1266 1667 vicem.

623 1711 715 1778 Diris
730 1731 825 1794 egem
839 1729 915 1771 vos:
939 1704 1012 1769 dira
1026 1705 1202 1770 detestatio

555 1817 600 1881 90
750 1809 855 1875 Nulla
868 1809 1022 1892 expiatam
1036 1808 1176 1872 victima.

621 1916 724 1993 Quin,
740 1914 797 1977 ubi
812 1912 920 1997 perire
931 1910 1046 1995 jussus
1060 1910 1282 1994 exspiravero,

750 2014 944 2079 Nocturnus
962 2034 1130 2077 occurram
1143 2012 1262 2089 Furor,

622 2119 803 2201 Petamque
818 2115 927 2180 vultus
943 2116 1059 2179 umbra
1072 2116 1180 2179 curvis
1194 2116 1372 2200 unguibus,

752 2219 838 2292 Quae
852 2218 900 2281 vis
917 2216 1066 2282 Deorum
1080 2228 1132 2281 est
1147 2216 1313 2295 Manium3

448 2406 571 2459 erimissd
587 2424 625 2457 me
638 2422 753 2461 recurres,
766 2421 810 2455 nee
824 2412 847 2454 te
859 2402 935 2452 semel
949 2400 1010 2450 mibi
1042 2411 1088 2451 est.
1126 2403 1219 2452 Veneno
1239 2418 1349 2467 magnam
1363 2401 1409 2467 sos
1429 2402 1545 2467 nefasque,
1561 2422 1608 2453 m

449 2473 590 2525 advocatum
605 2472 653 2521 alia
664 2486 722 2533 sapa
737 2472 821 2519 iterum
838 2482 1011 2517 ameavocare
1043 2470 1121 2516 vatent
1145 2468 1281 2516 Convertere
1303 2468 1428 2514 lunarum
1444 2470 1529 2515 vm:
1552 2484 1608 2517 sen-

449 2538 553 2588 eanuine
568 2552 612 2586 suo
629 2536 726 2585 valebit.
761 2535 841 2583 Multa
851 2534 1012 2597 fleturum-
1045 2546 1101 2581 sus:
1116 2532 1227 2581 veneflcre
1236 2531 1335 2595 quidem
1345 2530 1548 2581 incantationibus
1559 2533 1610 2583 suis

451 2606 533 2661 muita,
549 2618 599 2669 pro,
610 2602 730 2661 multum;
746 2599 781 2647 sic
798 2598 870 2663 plane
885 2598 960 2645 muita
976 2599 1013 2643 iu-
1045 2596 1197 2645 sanetissims
1206 2611 1310 2661 queque
1322 2595 1429 2659 polluere
1440 2604 1466 2643 et
1480 2596 1553 2646 lande
1564 2614 1608 2647 ne·

449 2662 1014 2775 u
1046 2660 1283 2775 ..e
1299 2660 1544 2775 uem

450 2733 801 2851 elllllinlaltllllitiquitatio-orn,
813 2744 1014 2841 dbliturnnrrint'.
1048 2790 1098 2839 lera
1116 2799 1205 2847 manet,
1224 2740 1351 2839 immprletsre
1368 2741 1430 2839 etqa
1449 2804 1475 2838 se
1494 2742 1610 2841 svm.

452 2862 539 2916 Santi,
553 2862 629 2917 1,46,
644 2860 691 2913 Qui
705 2855 977 2907 merommirit-Fiebit
993 2864 1015 2903 et
1049 2855 1094 2903 Fas
1120 2855 1229 2919 nefasque
1250 2865 1394 2903 conuertere.-
1424 2852 1535 2905 similiter
1561 2856 1611 2907 iere

451 2930 550 2991 insignis
564 2936 613 2975 tota
629 2924 838 2973 cantabitur-urie.
873 2920 961 2968 Marsis
977 2935 1015 2967 vo-
1048 2920 1113 2984 apud
1132 2919 1200 2983 Virg.
1215 2920 1278 2970 Geo.
1296 2919 1314 2974 i,
1331 2921 1389 2974 505,
1408 2920 1498 2982 Quippe
1514 2924 1554 2969 ubi
1564 2922 1611 2986 jas

451 2994 577 3055 eibus,pr0
592 2988 729 3053 quibusque
744 2985 889 3037 carminibus
904 2983 1015 3096 mqpicis.
1046 3000 1137 3033 uersum
1162 2994 1231 3047 atque
1256 2984 1331 3049 nefas.
1370 2984 1503 3032 Humanam
1530 2988 1610 3042 vicen,

454 3058 531 3104 Mani
546 3063 574 3103 ut
589 3050 734 3119 serpentiuin
749 3058 918 3100 venenatorum
955 3064 1014 3097 orm·
1047 3057 1135 3097 sortem
1156 3048 1280 3097 bominum
1300 3048 1430 3097 sceleribus
1450 3047 1613 3111 destinatam

454 3128 517 3169 tores
559 3133 612 3167 neer

454 3184 521 3233 Geli.
535 3136 583 3239 xpri,
596 3134 704 3238 ll,t1inc
720 3180 841 3243 Virg.vii‚
854 3179 912 3233 758,
929 3176 1017 3226 lllurss's
1049 3178 1118 3227 Diris
1139 3196 1176 3227 eos
1199 3196 1278 3243 agorn
1301 3176 1373 3225 malis
1398 3178 1611 3237 exsecrationibus,

453 3252 532 3313 querit
544 3250 674 3295 amentibus
687 3241 970 3302 ierie‚ubivid.Cerd.:
982 3241 1016 3289 ci.
1048 3242 1138 3306 quibus
1155 3256 1230 3308 poena
1248 3259 1263 3291 a
1282 3244 1366 3291 restris
1386 3242 1517 3291 sceleribus
1537 3259 1612 3311 espe-

456 3313 514 3363 Nie.
532 3312 619 3361 Heins.
637 3310 667 3359 ad
686 3309 761 3359 Ovid.
779 3310 834 3357 Art.
851 3308 908 3357 Am.
920 3306 947 3362 ii,
961 3307 1017 3363 102,
1049 3315 1123 3364 tatur,
1145 3323 1188 3357 vos
1208 3307 1297 3372 urgebo
1319 3316 1345 3355 et
1365 3322 1510 3373 persequar,
1532 3326 1612 3372 egere,

455 3378 499 3426 ini.
515 3378 573 3433 xvii,
594 3392 618 3423 v.
637 3377 670 3425 29
689 3375 771 3423 Morsu
792 3375 867 3421 nauta
885 3370 972 3436 pariter
988 3370 1019 3421 ds
1050 3387 1102 3483 pro,
1122 3388 1212 3435 urgere,
1231 3371 1351 3437 persequi.
1366 3380 1394 3420 ut
1410 3387 1486 3420 earm.
1501 3388 1540 3437 sq.
1551 3375 1613 3423 ul.

630 3133 660 3166 ue
687 3116 850 3166 celebrantur:
881 3113 931 3161 vid.
955 3112 1016 3161 Aul.
1048 3114 1171 3177 ἀμοιβὴν,
1185 3113 1345 3163 irrisorem·
1363 3112 1396 3163 cl.
1406 3128 1462 3178 sup.
1478 3114 1496 3171 i,
1510 3115 1552 3172 28,
1569 3116 1612 3164 33.

455 3440 818 3568 {futilitatis
837 3439 1019 3574 {liliati
1050 3447 1127 3549 ..tt
1128 3454 1225 3551 'itit
1225 3437 1356 3552 titiis
1352 3446 1481 3551 '21⁰'th
1495 3453 1614 3552 ·.'⁰.t⁰.{·.

455 3573 554 3639 parabo,
569 3578 594 3618 et
610 3568 664 3625 tibi,
679 3566 789 3633 quamvis
806 3566 880 3613 invito
897 3574 923 3613 et
939 3564 1018 3612 reluc-
1052 3566 1096 3615 Uti
1118 3566 1198 3615 Furia
1218 3566 1334 3617 scelestos
1355 3565 1472 3622 homines,
1497 3566 1532 3615 ita
1554 3583 1613 3633 puer

456 3636 526 3693 tanti,
546 3633 681 3683 infundam.
719 3633 834 3693 Priusque
852 3631 935 3678 cuium
951 3631 1018 3686 sidet,
1051 3630 1168 3680 veneficas
1179 3630 1288 3696 persequi
1298 3632 1368 3691 vult3
1384 3629 1436 3687 sed,
1447 3640 1475 3679 ut
1484 3646 1551 3696 puer,
1564 3647 1613 3681 non

456 3710 513 3751 cett.
544 3701 577 3747 Et
593 3698 659 3765 prius
674 3704 740 3746 totus
756 3710 833 3745 rerum
854 3702 945 3742 natine
962 3692 1020 3743 ordo
1053 3695 1191 3753 Furiarum,
1208 3695 1251 3744 sed
1267 3696 1364 3744 Furoris
1380 3710 1506 3760 personam
1525 3695 1614 3747 induit.

456 3766 585 3815 inverterur
600 3772 624 3813 et
640 3761 810 3817 confundetur,
821 3774 894 3823 quam
910 3757 960 3807 lieri
976 3773 1019 3823 po·
1053 3760 1201 3825 Comparari
1227 3762 1327 3809 Sueten.
1349 3761 1409 3809 Ner.
1429 3776 1454 3809 c.
1475 3762 1517 3817 34,
1542 3778 1615 3825 neque

457 3830 512 3879 terit
527 3828 581 3887 boc,
594 3836 622 3876 ut
638 3842 687 3875 non
703 3834 778 3881 taum,
791 3832 883 3887 quanta
894 3838 959 3871 nuuc
974 3824 1019 3871 boe
1051 3826 1142 3873 sceleris
1161 3826 1430 3890 concientiam-perse
1449 3828 1536 3887 potuit,
1557 3842 1615 3889 sepe

457 3893 575 3950 bitumen,
593 3891 680 3939 amoris
696 3890 743 3939 mei
763 3889 860 3937 flamna
875 3887 1020 3953 corripiaris.
1051 3890 1165 3953 conj'sssus
1180 3892 1296 3954 exagitari
1311 3906 1333 3938 sa
1348 3900 1455 3937 materna
1468 3893 1549 3951 speeie,
1561 3908 1613 3939 rar·

459 3958 582 4007 Bitumen:
600 3956 630 4005 de
645 3956 764 4004 bituminis
781 3954 806 4001 iu
824 3968 849 4001 re
863 3952 959 4014 magica
974 3968 1020 4000 usu
1051 3955 1143 4002 teribus
1166 3955 1296 4003 Furiarum
1317 3972 1345 4003 oe
1368 3957 1432 4003 tedis
1454 3958 1615 4004 madentibus.

458 4023 491 4069 cl.
513 4022 582 4071 Vir.
601 4019 783 4075 selatitos.
817 4020 891 4071 Atris,
912 4016 973 4065 refer
988 4016 1019 4065 ad
1053 4016 1119 4066 Dido
1140 4033 1237 4083 quoque
1255 4019 1328 4083 paulo
1349 4027 1405 4068 anta
1426 4027 1527 4068 mortem
1548 4020 1615 4086 apud

457 4096 535 4135 atnnu
557 4039 658 4141 lunum,
681 4099 753 4150 quem
778 4080 903 4129 bituminis
924 4082 1021 4129 flamma
1054 4082 1123 4145 Virg.
1142 4085 1203 4132 AEn.
1218 4082 1252 4140 iv,
1267 4085 1325 4139 ³84,
1340 4084 1428 4147 Sequar
1444 4087 1504 4132 atris
1520 4086 1616 4148 ignitio

457 4150 532 4199 volvit
543 4158 661 4214 rotatque.
1050 4148 1137 4202 absens,
1156 4148 1197 4205 Et,
1211 4166 1283 4213 quarn
1291 4148 1392 4213 frigido
1409 4164 1468 4195 mors
1484 4152 1563 4197 anim
1579 4164 1615 4197 se·

490 4216 613 4265 stt—10⁴2.
630 4214 734 4261 Subiere
749 4226 817 4273 puer,
829 4208 887 4258 dum
902 4208 956 4257 ltrec
969 4210 1018 4259 Cs·
1050 4214 1144 4259 eluserit
1158 4223 1234 4268 artus,
1247 4215 1359 4261 Orsnibru
1371 4215 1452 4261 umbro
1468 4214 1522 4261 loeis
1534 4216 1615 4263 adero.

458 4280 525 4329 nidia
542 4279 680 4346 peragebat,
699 4285 724 4324 et
741 4291 800 4340 puer
821 4274 882 4324 nibil
900 4274 952 4339 spei
972 4274 1020 4323 sibi
1052 4276 1177 4339 Petarnqae
1187 4280 1278 4326 vuitus:
1294 4276 1368 4326 Ovid.
1378 4276 1404 4326 in
1416 4277 1472 4325 lbiu
1486 4278 1542 4336 tto,
1555 4276 1615 4327 Tusa

457 4346 569 4395 relietum
590 4358 642 4392 esso
664 4339 825 4404 intelligebat.
864 4338 959 4396 Lenire,
982 4355 1019 4389 se.
1051 4358 1138 4403 quoque
1157 4342 1280 4406 factorum
1306 4344 1398 4391 oenum
1424 4359 1508 4391 mernor
1533 4345 1615 4391 umbra

457 4410 608 4471 tentavimg
635 4402 1019 4480 essusest,velsimpliciterpro,
1052 4414 1155 4461 tuorum,
1179 4406 1291 4471 Insequar·
1311 4416 1334 4454 et
1358 4408 1438 4456 vuitus
1458 4421 1519 4455 oues
1531 4408 1616 4472 sersus

457 4474 557 4524 lenibat.
616 4475 660 4521 udo
670 4469 1021 4532 mmperersr'tentram,qurbus
1052 4478 1111 4519 Μ·
1146 4470 1203 4525 Qut
1219 4476 1254 4520 vis
1265 4472 1368 4521 Durum
1381 4482 1415 4521 est
1430 4472 1553 4519 Munium:
1571 4486 1615 4537 ap-

458 4540 538 4590 serbis
552 4540 643 4604 justam
653 4536 684 4586 de
700 4533 810 4583 inaudita
820 4532 979 4583 venefiearurn
994 4533 1020 4582 in
1097 4534 1130 4585 ite
1150 4534 1176 4583 in
1195 4537 1259 4587 bane
1275 4552 1326 4584 rem
1346 4536 1386 4585 Cl.
1407 4535 1511 4585 lilitscb.
1530 4534 1616 4585 laudat

457 4603 637 4653 seerudelitats
650 4599 800 4673 irampalam
813 4596 910 4647 laceret.
938 4597 1021 4647 Preces
1079 4599 1321 4657 mltlaecmitsso.
1345 4599 1617 4651 Auidmsuotirsimus

459 4670 588 4733 Tityrum,
610 4672 794 4719 exsecrationes,
816 4662 930 4727 qualibus
951 4662 1019 4727 Thy·
1050 4672 1089 4712 est
1109 4664 1179 4713 locus
1199 4666 1324 4715 Cioeronis
1345 4682 1388 4732 pro
1407 4664 1483 4715 Rose.
1503 4664 1616 4715 Ameria.

456 4742 519 4783 estes
545 4732 640 4781 tratrem
664 4744 734 4781 suum
758 4730 860 4777 Atreum
886 4726 1020 4777 insectatus
1052 4730 1128 4787 c.24,
1141 4728 1184 4777 ubi
1200 4745 1234 4789 re,
1250 4745 1323 4795 quarn
1340 4739 1417 4796 poetas
1433 4744 1475 4796 per
1489 4728 1615 4779 Furiarum
