3659 5892
665 555 829 622 LIBER
853 556 898 634 ll,
923 556 954 619 7.
1307 552 1372 615 419

307 708 408 783 Quod
423 730 583 793 nusquam
598 710 658 775 tibi
674 710 716 773 sit
730 709 920 795 potandum.
966 706 1110 773 Juseerit
1124 707 1168 771 ed
1183 728 1218 770 ee

306 810 472 877 Maecenes
488 833 596 876 serum
611 812 673 877 sub
689 811 811 875 lumine
824 812 929 896 prime
944 810 1053 875 venire

306 913 499 979 Convivam:
522 908 662 977 Nemon’
677 913 784 978 oleum
798 913 862 978 fert
877 913 990 977 ocius?
1012 913 1125 996 ecquis

241 1014 285 1077 35
305 1014 434 1080 Audit?
457 1038 531 1081 cum
544 1036 664 1100 magno
677 1015 821 1080 blateras
836 1015 988 1093 clamore,
1003 1014 1162 1099 furisque.

305 1115 463 1195 Mulvius,
479 1126 513 1181 et
529 1138 661 1195 scurrae,
678 1117 738 1181 tibi
752 1140 818 1182 non
832 1116 1005 1183 referende
1018 1118 1156 1202 precati,

305 1217 503 1284 Discedunt.
550 1218 694 1297 Etenim,
711 1218 815 1284 fateor
829 1241 891 1297 me,
908 1219 1031 1284 dixerit
1044 1219 1110 1297 ille,

306 1321 395 1386 Duci
409 1330 521 1385 ventre
536 1320 638 1387 levem
651 1348 659 1401 ς
683 1342 797 1385 nasum
811 1321 926 1387 nidore
942 1322 1097 1407 supinor:

305 1422 502 1499 Imbecillus,
518 1423 617 1501 iners,
634 1424 661 1488 si
676 1424 830 1509 quidvis,
846 1423 944 1500 adde,
959 1424 1094 1508 popino.

240 1524 284 1588 40
304 1524 371 1602 Tu,
388 1546 488 1609 quum
504 1526 559 1603 sis,
575 1526 664 1609 quod
679 1547 753 1611 ego,
769 1536 804 1591 et
818 1525 966 1590 fortassis
982 1528 1130 1613 nequior,
1144 1525 1231 1591 ultro
1272 1543 1279 1566 ’

304 1628 481 1703 insectere,
496 1627 585 1694 velut
599 1628 735 1694 melior?
758 1629 932 1711 verbisque
947 1628 1076 1694 decoris

307 1729 474 1795 Obvolves
488 1731 623 1795 vitium?
669 1730 772 1807 Quid,
789 1731 817 1794 si
831 1752 883 1795 me
898 1729 1027 1796 stultior
1041 1731 1114 1815 ipso

308 1832 504 1917 Quingentis
519 1844 606 1897 emto
621 1832 784 1897 drachmis
800 1832 1036 1917 deprenderis?
1081 1831 1189 1897 Aufer

307 1933 364 1999 Me
380 1934 472 1999 vultu
487 1943 627 2013 terrere3
650 1957 791 2012 manum,
808 1934 1074 2019 stomachumque
1089 1943 1218 2012 teueto;
1274 1978 1279 1984 -

240 2036 285 2099 45
307 2035 408 2114 Dum,
425 2058 499 2122 quae
513 2036 656 2122 Crispini
673 2038 784 2102 docuit
799 2058 850 2101 me
860 2037 995 2121 janitor,
1010 2038 1085 2101 edo.

306 2137 357 2203 Te
372 2140 493 2223 conjux
507 2138 613 2204 aliene
627 2140 732 2224 capit3
756 2138 962 2203 meretricula
977 2138 1128 2203 Davum:

307 2241 429 2305 Peccnt
443 2252 517 2306 uter
531 2241 678 2305 nostrilm
693 2262 790 2306 cruce
805 2241 959 2325 dignius?
1004 2238 1102 2306 Acris
1118 2241 1176 2306 ubi
1189 2262 1243 2304 me

307 2341 438 2407 Nature
452 2344 608 2421 incendit,
624 2346 687 2408 sub
703 2343 789 2408 clera
804 2343 892 2407 nuda
907 2342 1041 2407 lucerne

307 2444 533 2531 Quaecumque
547 2446 677 2532 excepit
689 2446 850 2530 turgentis
866 2446 1003 2510 verbera
1017 2446 1142 2521 caudae,

253 2616 359 2666 ³242.
375 2617 476 2668 ruem
493 2620 525 2667 nd
541 2615 704 2677 ee‘lleeence,
722 2625 779 2669 cett
812 2634 862 2667 rem
879 2617 941 2685 ipso,
961 2616 1003 2668 sed
1024 2618 1087 2667 elem
1104 2624 1129 2665 et
1144 2615 1205 2664 inter
1222 2630 1264 2675 ως
1280 2613 1373 2664 ethinc

221 2678 452 2732 Nemetsemus:
471 2682 520 2732 Sed
535 2682 597 2741 vide,
612 2698 684 2747 quem
713 2697 779 2732 erum
812 2700 858 2732 nm
880 2683 1003 2749 rqferendr
1029 2684 1090 2746 (non
1118 2678 1238 2729 audienda
1259 2678 1373 2743 Horatio)

221 2743 265 2793 tibi
281 2746 307 2794 in
324 2745 369 2797 heo
389 2762 485 2813 qnoque
501 2746 651 2797 reconstes!
687 2700 780 2806 duodsi
811 2752 902 2810 precati
914 2747 1065 2859 (imprecati)
1076 2745 1200 2795 dicuntur.
1270 2807 1275 2819 .

220 2822 285 2858 emm
295 2812 527 2877 Meeenmteepnd
536 2828 561 2861 se
569 2828 666 2863 creuere
672 2811 779 2877 jusserit,
845 2812 886 2869 ³7,
903 2813 945 2861 38.
985 2812 1174 2861 terrim-dixerit
1191 2810 1246 2857 ille:
1265 2823 1316 2872 Jem
1335 2824 1374 2859 ee·

221 2872 270 2922 tlte
284 2874 365 2923 statim
380 2890 440 2926 voce
457 2892 536 2926 servos
550 2891 678 2933 convoces,
689 2892 726 2925 ree
737 2892 780 2926 ne·
812 2884 920 2941 quuutur
935 2877 1008 2925 verbe
1023 2875 1069 2924 ille
1085 2893 1131 2924 non
1179 2876 1273 2928 mdc,
1284 2872 1374 2948 quibus

220 2938 334 2987 omenes
351 2939 428 2990 efferri
440 2940 522 3007 juben,
540 2950 566 2991 et
583 2941 654 2991 celeri
671 2940 732 3007 pedo
749 2940 780 2991 nd
812 2950 1033 2991 scnnecoeuetnm
1044 2948 1140 2990 euntem
1179 2936 1281 2986 oretium
1296 2953 1374 2988 insec-

221 3016 369 3069 eoennmpro
401 3020 448 3054 ms.
482 3004 579 3056 Idoum
589 3004 779 3063 ridentecurre,
812 3004 989 3054 tetidienntur.
1020 3006 1114 3053 Dixerit
1124 3006 1174 3059 stu,
1186 3002 1254 3050 illum
1266 3001 1373 3065 (Mulvi-

221 3077 348 3118 nuncete
381 3070 486 3121 incedere
500 3070 572 3135 jussi,
585 3078 617 3128 te,
628 3068 687 3119 licet
696 3069 780 3119 vitium
813 3070 869 3133 um)
881 3068 919 3119 hir
929 3070 979 3119 iere
988 3068 1065 3120 verbis
1081 3084 1153 3118 urum
1167 3074 1304 3131 eceepnte:
1326 3068 1373 3115 Fe-

220 3128 312 3181 decorie
323 3133 400 3183 verbis
416 3141 491 3199 teges,
501 3142 528 3184 ut
539 3133 660 3184 homiuem
674 3134 782 3199 nequitie
814 3142 865 3183 teor
872 3150 911 3183 me
922 3150 975 3184 rere
985 3150 1091 3183 scurram
1101 3141 1126 3183 et
1136 3132 1256 3182 hominem
1264 3130 1374 3190 inertem,

220 3195 266 3244 eibi
282 3196 347 3247 haud
370 3198 502 3257 cedentem,
521 3199 601 3249 rident
622 3208 780 3265 carpuntque.
813 3199 855 3263 qui
874 3198 961 3247 humili
978 3198 1147 3249 nuntiorum
1165 3210 1249 3249 coennr
1269 3196 1360 3271 appetit
1366 3215 1374 3257 ;

220 3260 300 3310 Senam
309 3266 435 3337 connium,
446 3263 561 3329 quieero,
574 3263 600 3313 h.
611 3279 634 3313 e.
646 3263 780 3329 vesperino
813 3264 854 3313 sed
872 3270 907 3320 tu,
923 3264 1032 3338 dictati,¹
1043 3262 1218 3337 quintanquem
1236 3260 1320 3308 melior
1335 3278 1374 3311 me

219 3330 781 3463 ffll‘it'ffitttfflttttsit
813 3325 1257 3458 {ttmutttttrl‘trtt
1286 3327 1376 3442 ,tall

220 3469 246 3510 n,
257 3457 282 3513 2,
292 3456 461 3520 98,edpn'mn
469 3460 568 3512 lomina,
578 3456 609 3507 de
619 3456 701 3523 primis
712 3466 779 3507 tene·
812 3471 896 3505 moes
916 3457 1025 3522 nequior.
1058 3457 1099 3504 Me
1119 3457 1182 3504 Dect
1200 3464 1279 3502 ventre
1296 3455 1373 3513 levem

221 3518 278 3577 brie,
289 3522 332 3570 ubi
351 3522 445 3571 lumine
461 3520 486 3569 in
502 3520 613 3571 domibus
624 3521 723 3571 eccendi
740 3536 778 3571 so·
813 3536 852 3570 me
870 3536 923 3571 esse
940 3521 1062 3570 hominem
1080 3521 1165 3575 levem,
1182 3518 1224 3583 qui
1246 3526 1328 3568 ventre
1348 3536 1375 3571 ee

220 3581 281 3633 lent·
813 3585 870 3635 duci
879 3586 968 3651 petitur
976 3586 1007 3635 nd
1014 3584 1130 3635 humilem
1141 3592 1224 3640 ortem,
1233 3596 1282 3647 que
1293 3598 1374 3634 scurra

252 3649 294 3697 ³⁴.
312 3650 405 3708 Oleum,
415 3650 520 3700 lucemus
537 3649 779 3715 scilicetquetem·
812 3664 857 3714 ego
879 3651 969 3699 mensis
989 3650 1103 3699 ditiorum
1124 3648 1245 3698 ndlribeer.
1284 3647 1373 3698 Nurum

221 3727 275 3825 pere
286 3716 364 3763 noctis
375 3714 489 3767 euntibus
500 3714 564 3765 vinni
573 3714 686 3773 illustret,
698 3715 779 3765 inlnn·
812 3716 891 3763 nidore
908 3719 1013 3777 supinos,
1031 3715 1118 3764 Grece
1135 3728 1188 3780 pro,
1204 3726 1278 3761 nesus
1291 3711 1374 3763 nidore

238 3778 335 3827 endum.
812 3777 943 3843 (nidorem,
959 3779 984 3829 h.
1001 3794 1023 3828 e.
1042 3792 1139 3827 suavem
1153 3776 1261 3826 ciborum
1277 3775 1373 3827 odorem

254 3844 295 3891 35.
313 3843 430 3892 Blaterne.
459 3842 581 3893 Btatmre
592 3843 622 3894 de
636 3843 665 3892 iis
684 3842 726 3909 qui
741 3840 779 3891 in·
812 3842 949 3909 captando)
962 3842 1095 3909 supinatur,
1108 3840 1320 3892 sumumtrehitur.

221 3904 318 3955 condite
340 3908 411 3956 verbe
426 3911 533 3971 jaciunt,
553 3907 624 3956 modo
642 3908 687 3957 hoc
709 3906 780 3955 modo
846 3908 887 3956 39.
904 3908 997 3971 Siquid
1007 3908 1210 3971 oie,ndde,potee
1224 3906 1373 3969 quoqnend·

221 3968 282 4020 illud
292 3972 342 4021 fieri
350 3971 445 4037 jubent,
457 3980 485 4021 nt
495 3973 572 4021 solent
581 3972 632 4021 heri
643 3971 783 4021 ieetinmter
814 3971 883 4032 dere;
924 3987 951 4020 ro
967 3971 1070 4035 vulgari,
1087 3978 1209 4037 preterea.
1242 3970 1374 4023 Commode

222 4049 236 4084 e
247 4036 317 4085 domo
329 4037 426 4085 abituri.
460 4036 508 4085 Pro
512 4038 624 4104 surisque
635 4036 661 4086 in
672 4036 782 4103 pluribus
814 4036 845 4086 de
856 4036 901 4085 hec
908 3989 1026 4112 loquendi
1042 4035 1146 4084 termule
1163 4033 1264 4084 laudaut
1275 4034 1330 4085 Cic.
1342 4036 1373 4085 ed

222 4098 301 4149 Codd.
347 4104 446 4176 gitque,¹
465 4100 506 4149 ted
524 4102 549 4150 in
566 4099 668 4150 lectione
672 4100 730 4167 su'
756 4116 785 4148 uc
818 4102 895 4150 Attio.
928 4118 970 4156 vu,
997 4102 1023 4157 2,
1052 4100 1157 4149 Tironem
1184 4100 1264 4148 Petris
1287 4117 1374 4164 egmm

221 4162 300 4230 irnego
327 4166 414 4214 ominis
431 4180 481 4230 pue
499 4164 650 4215 festinatione
666 4164 714 4214 hue
725 4163 743 4212 il
754 4180 784 4213 uc
816 4167 910 4229 reliqui,
928 4167 1099 4222 ammaum,
1117 4174 1145 4212 nt
1162 4166 1231 4221 noeti,
1243 4175 1266 4213 et
1276 4167 1344 4219 adde,
1355 4168 1377 4213 et

221 4227 418 4279 discurrentium
435 4228 604 4279 tumultuantis
620 4228 723 4279 viridius
740 4244 783 4278 ex·
815 4232 872 4294 quid
882 4232 926 4287 nie,
936 4232 1050 4293 prelum:
1067 4231 1128 4278 nihil
1141 4232 1191 4278 cidi
1205 4230 1295 4302 melipe.
1329 4230 1375 4277 Po·

222 4300 359 4358 preseaest.
814 4296 878 4357 pino,
889 4310 961 4358 quem
971 4301 1054 4343 venter
1062 4292 1089 4341 in
1099 4295 1201 4360 popinae
1211 4291 1289 4341 ducit.

254 4359 296 4407 ³6.
325 4359 439 4415 Muluius,
460 4370 484 4408 et
504 4375 598 4415 nume,
627 4358 739 4407 Mulvius
759 4364 784 4407 et
848 4360 890 4415 40,
906 4360 947 4407 41.
969 4358 1047 4416 Ultro,
1059 4358 1171 4424 insuper:
1189 4357 1238 4405 rid.
1251 4358 1376 4405 Drekonb.

222 4431 307 4486 preter
322 4438 378 4472 eum
396 4422 438 4472 elii
455 4438 554 4473 cnunc.
594 4422 706 4471 Titium
723 4422 783 4489 refe·
815 4422 846 4471 ed
862 4424 916 4472 Liv.
929 4424 963 4480 xl,
976 4423 1016 4480 12,
1053 4424 1115 4479 4,et
1128 4420 1252 4473 Gremd
1266 4420 1375 4486 Cie.pro

222 4489 296 4535 rende
308 4490 407 4551 meruti,
420 4502 515 4545 scurie,
527 4485 593 4563 quie,
606 4487 742 4537 discedente
754 4486 785 4536 ed
816 4487 902 4545 Quint.
914 4489 956 4537 2³.
1048 4488 1125 4554 poesie
1141 4501 1237 4552 quoque
1253 4487 1317 4534 ultre
1331 4501 1374 4534 ex-

223 4552 385 4602 Meceuntem
407 4552 516 4608 Horatio,
542 4568 551 4599 ι
581 4552 598 4609 i,
620 4567 684 4601 nunc
712 4566 785 4601 coene
815 4552 913 4616 plicare,
937 4559 1030 4618 sponte,
1050 4568 1093 4617 pro
1111 4551 1200 4607 lubitu,
1221 4550 1273 4600 eine
1292 4564 1375 4608 cause,

223 4615 784 4747 eum
817 4614 1375 4746 inlinemustulmen

225 4753 263 4793 tur
282 4744 418 4803 Horatium,
437 4760 485 4811 pon
501 4744 598 4809 quidem
615 4746 693 4811 pelam
709 4752 785 4793 etco-
819 4760 866 4857 qe.
1214 4748 1217 4752 '

778 4822 816 4857 ee
