3659 5892
493 508 559 575 390
912 498 1235 567 SATlRARUM

580 657 667 724 Illud
682 658 768 723 idem
782 657 816 721 iu
830 656 981 742 rapidum
994 654 1127 730 flumen,
1137 655 1304 738 jaceretve
1318 651 1482 719 cloacam?

580 759 697 832 Quinti
712 759 886 843 progenies
900 755 993 834 Arri,
1007 754 1192 841 pernobile
1207 754 1355 832 fratrum,

579 860 739 943 Nequitia
753 870 787 924 et
801 860 897 944 nugis
913 879 1088 944 pravorum
1101 866 1137 921 et
1150 878 1260 921 umore
1274 855 1457 941 gemellum,

493 962 559 1029 246
581 960 754 1026 Lusciuias
770 960 857 1027 soliti
871 962 1019 1045 impenso
1035 958 1196 1043 prandere
1210 968 1364 1024 coemtns.

580 1063 748 1137 Quorsum
762 1063 902 1127 abeunti
948 1060 1026 1124 Seni
1041 1070 1078 1123 ut
1092 1068 1194 1135 creto,
1209 1080 1252 1121 en
1265 1060 1407 1124 carbone
1421 1057 1582 1123 notandi?

581 1164 765 1231 AEdificure
779 1186 883 1241 cusas,
898 1161 1050 1248 plostello
1065 1161 1244 1245 adjungere
1258 1181 1378 1237 mures,

584 1266 717 1331 Ludere
731 1288 792 1351 per
806 1267 921 1349 impar,
937 1263 1086 1347 equitare
1099 1262 1134 1326 in
1148 1260 1307 1325 arundine
1320 1260 1429 1345 longa,

583 1366 619 1431 si
633 1389 730 1451 quem
744 1366 887 1431 delectet
899 1364 1084 1439 barbatum,
1099 1362 1240 1425 umentia
1251 1371 1369 1427 verset.

496 1469 560 1533 250
583 1466 619 1531 Si
632 1468 789 1552 puerilius
804 1467 856 1532 his
871 1468 956 1531 ratio
969 1485 1043 1529 esse
1057 1463 1185 1527 evincet
1199 1484 1319 1541 umere,

583 1570 658 1635 Nec
672 1570 850 1653 quidquam
865 1567 1010 1644 differre,
1025 1575 1176 1631 utrumne
1193 1565 1227 1629 in
1240 1564 1386 1650 pulvere,
1402 1565 1518 1631 trimus

582 1670 690 1744 Quale
704 1671 808 1755 prius,
823 1669 919 1735 ludes
934 1689 1030 1753 opus,
1044 1688 1087 1731 un
1100 1668 1279 1733 meretricis
1293 1690 1403 1733 umore

582 1772 748 1837 Sollicitus
762 1771 889 1857 plores:
912 1791 1036 1854 quoero,
1052 1768 1195 1833 faciasne
1209 1769 1300 1853 quod
1314 1768 1390 1835 olim

582 1873 734 1939 Mutatus
750 1873 928 1939 Polemoni
950 1892 1054 1955 ponas
1068 1870 1208 1955 insignia
1222 1870 1339 1945 morbi,

496 1976 561 2041 255
582 1974 759 2053 Fesciolss,
774 1972 908 2050 cubitnl,
924 1970 1052 2049 focalia,
1068 1980 1166 2054 potus
1181 1979 1218 2035 ut
1233 1970 1287 2034 ille

582 2076 715 2142 Dicitur
727 2096 770 2139 ex
784 2073 867 2139 eollo
880 2071 993 2137 furtim
1006 2071 1168 2155 carpsisse
1182 2092 1330 2151 coronas,

495 2224 591 2275 insania
605 2238 655 2288 qus
670 2222 808 2288 Cleopatra,
819 2232 847 2272 ut
862 2222 1005 2277 ostenderet,
1016 2221 1054 2270 in·
1087 2222 1217 2279 Pronum,
1233 2223 1365 2282 comedere,
1381 2232 1410 2273 ut
1425 2224 1471 2274 inl.
1481 2226 1563 2292 Epist.
1578 2226 1596 2284 i,
1609 2230 1648 2283 17,

495 2300 590 2354 gentem
601 2288 711 2355 pecunie
721 2302 839 2336 summum
846 2286 986 2336 brevissimo
993 2294 1055 2334 tcm-
1088 2287 1128 2343 1³,
1138 2288 1253 2349 prandere
1261 2289 1320 2336 ctus.

495 2354 558 2419 poris
572 2351 649 2419 spatio
663 2352 803 2400 inventrem
815 2350 907 2400 demitti
919 2364 998 2415 posse,
1009 2348 1056 2395 im·
1119 2351 1177 2398 246.
1195 2352 1309 2405 Quorsum
1323 2354 1424 2399 utrum!
1440 2368 1476 2401 rc.
1492 2355 1534 2401 isti
1551 2364 1649 2427 npetu.

495 2412 1057 2544 t⁰3¹ttlltt¹⁸tlfflttti⁰llltt
1087 2412 1190 2526 itit:
1210 2422 1522 2528 timuit}
1531 2432 1650 2531 titt:

494 2484 590 2600 licitur,
603 2543 654 2606 ugit
669 2556 765 2607 quoque
779 2542 811 2591 de
827 2558 852 2591 rc
870 2556 925 2605 que
940 2540 972 2590 ud
990 2540 1055 2589 hunc
1087 2541 1151 2597 ulbo,
1163 2540 1267 2590 infausta
1276 2542 1344 2605 nigro
1354 2543 1432 2592 colore
1443 2551 1576 2603 nutantum
1593 2544 1648 2595 ltine

494 2608 575 2657 iocum
588 2608 682 2656 Horatii
692 2613 796 2672 spectet:
816 2606 888 2654 Prius
900 2607 971 2670 (unte
983 2603 1054 2653 Cleo·
1087 2612 1144 2653 note
1159 2604 1204 2653 illu
1219 2605 1317 2662 locutio,
1329 2605 1393 2655 diem
1409 2608 1516 2656 faustum
1533 2610 1595 2665 utto,
1611 2608 1648 2657 in-

494 2672 601 2737 petrum)
624 2674 649 2719 tc
668 2672 762 2736 fecerat
784 2670 859 2719 Rome
881 2671 907 2717 in
930 2670 1055 2717 unionibus
1086 2668 1192 2717 inustum
1201 2673 1271 2732 nigro
1283 2672 1363 2731 lapillo
1373 2674 1496 2734 insignire.
1532 2672 1588 2720 Hoc
1598 2672 1649 2736 jani

493 2753 582 2801 mugire
599 2735 720 2783 taxationis
737 2734 841 2790 Clodius,
859 2736 959 2798 tragedi
977 2732 1055 2793 AEwpr‘
1086 2732 1118 2781 sd
1139 2732 1248 2782 homines
1272 2741 1313 2781 eut
1335 2734 1405 2782 boue
1426 2744 1469 2783 eut
1490 2736 1565 2785 melo
1587 2745 1649 2787 notss

486 2800 567 2863 filius,
579 2801 673 2847 relictus
684 2800 783 2847 absolu
798 2800 880 2859 amplis
895 2796 1054 2857 munsterus,
1085 2797 1234 2845 transfertur.
1267 2796 1394 2845 llorutium
1412 2798 1520 2849 imitetur
1536 2808 1575 2848 cst
1590 2800 1648 2849 Per·

493 2874 554 2911 -ut
565 2866 708 2925 experiretur
718 2864 743 2910 irs
756 2863 834 2924 glorio
848 2862 934 2925 palati,
945 2861 1002 2923 quid
1017 2875 1054 2906 su·
1086 2860 1137 2909 sius
1148 2877 1172 2916 v,
1187 2862 1243 2917 los,
1257 2861 1356 2923 Quoque
1364 2864 1575 2928 sequendusmut,
1586 2880 1646 2927 que-

493 3054 816 3115 qucqusolrsorirudcrdsdit.
840 3052 953 3099 Metelle:
971 3049 1053 3099 Schol.
1117 3052 1175 3100 249.
1192 3054 1299 3101 Amris
1310 3052 1647 3108 communicantium

494 3116 563 3173 Aer„
584 3116 632 3165 Hic
655 3115 785 3179 (Clodius)
807 3115 916 3170 Metelle,
933 3131 983 3176 quo
1002 3129 1055 3161 eurr
1086 3115 1192 3163 amentio
1202 3115 1283 3163 vostri
1293 3124 1318 3163 ct
1326 3116 1411 3179 agitari
1420 3116 1498 3165 dicus.

493 3182 620 3243 aspertum,
632 3180 736 3229 ablutum
753 3182 859 3228 uncum
875 3190 896 3228 rt
913 3187 976 3226 aceto
989 3179 1054 3225 ditu-
1120 3180 1169 3227 250
1179 3194 1233 3255 sqq.
1252 3179 1379 3229 Stertinius
1389 3180 1476 3228 transit
1486 3179 1518 3228 sd
1528 3179 1647 3230 insaniem

493 3252 544 3291 tum
561 3246 657 3291 sorbuit.
689 3244 809 3293 Metellum
826 3241 951 3291 mulierem
967 3239 1051 3289 edmo-
1083 3258 1165 3291 eorum
1181 3259 1224 3316 qur
1244 3242 1342 3292 delicias
1359 3244 1452 3293 fuciunt
1468 3243 1495 3291 in
1515 3246 1648 3293 autoribus.

493 3306 551 3355 dum
570 3306 668 3355 divitem
684 3307 767 3363 inisse,
781 3322 811 3356 cx
829 3304 875 3354 bec
893 3305 946 3371 ipsu
961 3304 992 3353 de
1009 3304 1053 3352 illu
1085 3307 1217 3363 Suntcnou,
1229 3321 1303 3369 quum
1313 3307 1413 3373 pulchre
1423 3307 1547 3357 cromuvit
1558 3319 1586 3358 et
1597 3326 1646 3357 um·

493 3371 629 3421 uenatione
640 3370 698 3418 ratis
708 3378 814 3438 apparet.
841 3369 897 3425 Sed,
906 3384 962 3417 cum
974 3368 1053 3431 plures
1084 3369 1202 3435 plificurit
1224 3378 1302 3435 poete,
1323 3379 1362 3420 est
1383 3371 1432 3421 tere
1452 3371 1520 3419 huc:
1542 3373 1573 3421 si
1589 3372 1649 3422 ratio

493 3433 566 3499 hujus
581 3434 684 3483 nominis
696 3434 784 3484 fuerint
794 3432 905 3483 mulieres
914 3432 953 3480 vei
965 3440 1053 3479 mutro-
1085 3433 1183 3489 evincit,
1194 3448 1236 3481 eos
1246 3434 1289 3509 qui
1299 3434 1419 3483 umoribus
1429 3434 1568 3498 indulgent,
1578 3436 1648 3485 ludos

493 3514 540 3555 nse,
559 3514 632 3563 quum
652 3498 802 3564 potissimum
821 3496 873 3562 jum
895 3495 1055 3559 designaverit
1086 3496 1167 3546 ludere
1178 3498 1315 3561 puoriltores
1326 3498 1356 3546 iis
1365 3498 1493 3563 dequibus
1504 3500 1578 3549 modo
1587 3500 1647 3557 dixi,

540 3570 573 3619 ts,
586 3570 667 3611 menet
681 3562 708 3611 in
724 3562 847 3625 ambiguo.
881 3560 952 3615 Sunt,
983 3558 1008 3607 ui
1023 3558 1054 3609 dc
1086 3576 1166 3609 nonne
1180 3560 1256 3609 setius
1270 3560 1343 3610 fucrit
1356 3562 1414 3612 illos
1427 3562 1515 3611 imitari
1531 3563 1646 3613 Polemo·

522 3628 590 3675 stello
601 3626 686 3691 (cujus
696 3626 785 3675 mentio
796 3626 823 3673 tit
834 3624 897 3689 opud
908 3622 963 3673 Cic.
997 3623 1053 3687 pist.
1085 3640 1150 3679 nem,
1160 3630 1193 3681 et,
1200 3632 1292 3673 mutsto
1302 3624 1391 3681 enimc,
1399 3625 1539 3690 prudentius
1549 3631 1647 3678 viseret

493 3690 524 3739 sd
542 3690 618 3739 Attio.
637 3690 670 3748 xl,
691 3690 747 3753 23),
768 3686 904 3739 Dolabellas
923 3694 948 3736 et
966 3686 1053 3751 AEsopi
1086 3689 1167 3737 Iocus
1177 3688 1286 3752 inprimis
1296 3687 1326 3739 ds
1335 3688 1400 3738 serio
1411 3700 1436 3739 et
1444 3690 1555 3739 mutabili
1566 3694 1646 3741 enimn

493 3754 588 3818 pellice,
600 3754 714 3817 cogitent.
1083 3767 1167 3801 sorum
1181 3750 1224 3815 qui
1240 3759 1331 3811 amant,
1341 3762 1478 3819 computato
1491 3770 1548 3803 curn
1558 3772 1645 3821 puero·

525 3819 583 3867 240.
599 3818 716 3866 solidum.-
730 3822 815 3871 toturn,
824 3814 953 3878 integrum,
966 3830 1014 3863 non
1027 3812 1053 3863 Ιιιι
1084 3831 1136 3864 mm
1146 3816 1304 3865 mutabilitate
1314 3826 1339 3867 et
1350 3816 1518 3875 inconstantis,
1527 3827 1564 3869 est
1575 3821 1646 3885 longe

493 3890 572 3947 partu
593 3881 711 3945 quendem
731 3879 844 3935 divisum,
865 3878 907 3928 sed
929 3878 955 3928 in
976 3894 1053 3927 unum
1084 3878 1249 3928 suavissimus.
1281 3882 1375 3938 Arrun,
1392 3882 1489 3931 emendi
1504 3884 1554 3932 sive
1569 3900 1644 3934 mere·

493 3946 696 4009 conjunctum3e
750 3942 958 4006 integrumdecics
971 3950 1052 3992 cente·
1084 3944 1155 3992 trices
1166 3937 1400 3995 rccundirudium.

493 4024 578 4057 norum
593 4008 696 4058 millium
734 4008 751 4056 S
765 4021 882 4055 summum
897 4022 947 4055 uuo
963 4006 1051 4055 haustu
1115 4007 1174 4056 251.
1194 4008 1316 4065 Utrumne,
1328 4024 1370 4073 pro
1384 4008 1494 4075 simplice
1510 4021 1603 4068 utrum
1618 4021 1646 4061 ut

493 4072 619 4121 absumsit.
1083 4086 1139 4135 sup.
1156 4071 1236 4135 Epod.
1250 4074 1273 4129 l,
1285 4072 1310 4129 7,
1325 4080 1351 4121 et
1366 4072 1411 4121 ini.
1422 4076 1475 4122 Sat.
1484 4074 1510 4131 ii,
1522 4075 1548 4130 6.
1559 4076 1602 4131 73,
1620 4082 1645 4125 ct

525 4138 584 4184 241.
602 4136 649 4189 Qut
667 4136 758 4183 unior:
780 4133 908 4197 quomodo,
929 4150 985 4183 cunr
1007 4132 1053 4183 hcc
1084 4133 1174 4200 passim
1190 4134 1259 4183 alibi.
1292 4136 1471 4192 TrimusQuulr
1484 4139 1644 4205 prius,qusls

493 4198 574 4249 docies
591 4198 694 4248 solidum
708 4196 852 4257 absorberet,
864 4198 944 4247 sanior
958 4196 1012 4252 suit,
1025 4212 1054 4247 sc
1085 4198 1143 4247 olim
1154 4197 1233 4247 lusisti
1242 4198 1315 4247 trium
1325 4214 1441 4249 annorum
1451 4201 1574 4265 puerulus.

493 4263 513 4311 si
535 4262 599 4313 idem
625 4263 651 4311 in
674 4260 784 4328 rapidum
806 4262 894 4311 flumen
916 4262 1052 4311 cloccumve
1116 4263 1174 4319 254,
1191 4262 1249 4311 255.
1268 4263 1378 4313 Mutatur
1406 4264 1529 4313 Polemon?
1560 4266 1643 4316 schol.

492 4326 598 4393 jeceretl
1085 4326 1171 4391 Cruq„
1189 4327 1304 4383 Polemon,
1318 4329 1354 4375 cel
1370 4328 1470 4383 Polemo,
1480 4332 1578 4389 juveris
1587 4330 1643 4395 fuit

525 4393 583 4441 24³.
602 4393 686 4446 Quinti
694 4392 813 4453 progenies
822 4390 895 4439 Ant.-
911 4388 943 4439 ci.
955 4404 1010 4455 sup.
1021 4388 1052 4439 td
1084 4392 1230 4439 Atherierut's
1238 4392 1334 4451 perdite
1343 4392 1450 4440 luxurie.
1473 4392 1498 4440 lr
1506 4410 1559 4441 curs
1566 4396 1643 4441 ebrius

492 4473 517 4505 v.
529 4456 569 4505 86.
1083 4455 1198 4501 incederet
1211 4470 1254 4514 prr
1267 4456 1353 4511 urbem,
1361 4455 1449 4519 fertur
1464 4458 1553 4505 audisse
1563 4458 1642 4504 Xeno·

524 4522 583 4568 244.
602 4518 722 4581 Nequitia,
734 4516 846 4567 luxurie:
864 4520 943 4591 nugis,
952 4516 1049 4566 demen-
1082 4520 1155 4565 crutis
1170 4532 1245 4565 nocens
1260 4519 1402 4580 disputantis
1406 4536 1416 4577 ,·
1434 4521 1516 4568 deiuds
1530 4522 1642 4571 introiisse

494 4584 535 4639 tia,
548 4582 701 4695 insipientis:
716 4582 849 4693 percellunt,
861 4580 1019 4631 simillimum.
1083 4590 1205 4629 coronatus
1214 4590 1237 4628 et
1252 4592 1411 4645 unguentatus
1426 4586 1457 4631 ud
1471 4600 1523 4631 sum
1533 4586 1641 4633 deriden-

525 4650 582 4697 trs.
613 4662 710 4709 mpento,
741 4660 780 4693 .e.
791 4644 914 4704 immenso,
924 4659 960 4694 sc.
968 4644 1051 4711 pretio.
1084 4646 1641 4710 dum.Scusruutsrspsrsaeosrcuit,·rtlnrcctusiu
