3659 5892
397 535 661 604 PRAEFATIO
686 535 938 605 EDITIONIS
961 532 1219 608 SECUNDAE.
1321 543 1388 608 xvii

231 725 293 790 sad
316 745 426 810 operae
448 726 592 811 pretium
615 723 723 790 fucere
746 724 907 794 videntur.
961 725 1040 793 Huc
1062 727 1202 805 accedit,
1225 729 1316 812 quod
1335 731 1391 814 ju-

231 866 344 922 venes,
365 845 424 929 qui
445 844 668 909 commentarii
691 842 828 928 alicujus
848 866 911 910 usu
925 866 979 910 res
994 845 1027 910 in
1041 844 1183 931 publicis
1198 845 1318 912 scholis
1332 847 1390 914 im·

230 964 396 1031 bibendas
413 962 484 1047 jam
505 971 761 1046 praegmtarunt,
776 959 877 1028 multo
898 959 1026 1028 facilius
1046 985 1087 1030 ea
1104 987 1179 1048 qua·
1192 987 1214 1029 a
1226 965 1390 1050 magistris

231 1083 406 1159 docentur,
421 1080 636 1156 illustrantur,
654 1081 843 1164 probantur,
859 1080 1095 1164 improbantur,
1106 1092 1141 1149 et
1155 1105 1198 1148 ex
1211 1083 1390 1150 reconditae

231 1202 393 1268 doctrinm
417 1199 572 1266 thesauro
600 1199 846 1284 depromuntur,
869 1219 999 1284 capere,
1022 1198 1215 1285 intelligere,
1240 1212 1276 1268 et
1303 1225 1390 1270 com

231 1319 333 1404 plecti
354 1329 493 1404 possunt
516 1317 754 1384 animo-Nec
777 1327 885 1384 nmen
907 1339 971 1402 ego
991 1317 1152 1383 tironibus
1170 1329 1308 1399 tantum,
1329 1321 1389 1388 ssd

231 1439 332 1504 etiam
344 1436 416 1504 aliis
426 1434 559 1500 Horatii
574 1433 752 1500 lectoribus
768 1435 895 1520 scripsi,
905 1435 1040 1520 quaevel
1053 1436 1098 1500 sd
1112 1437 1319 1523 impeditiora
1331 1459 1389 1504 ex·

231 1555 410 1642 pudienda,
433 1551 551 1618 velud
577 1553 810 1618 sententiarum
836 1553 916 1620 scite
943 1554 1027 1620 inter
1052 1575 1089 1620 se
1114 1557 1389 1626 conciliandorum

231 1663 354 1745 nerum
369 1671 669 1748 demonstrandum,
684 1670 735 1738 vel
749 1671 792 1736 ad
807 1681 914 1756 poetas
929 1671 1066 1738 virtutes
1079 1683 1115 1739 et
1127 1697 1262 1742 veneres
1277 1677 1389 1744 obser·

232 1793 356 1858 vandas
379 1801 413 1856 et
437 1789 544 1853 animo
562 1789 801 1873 percipiendas,
816 1789 868 1855 vel
888 1789 931 1854 ad
946 1791 1120 1856 verborum
1133 1793 1387 1878 significationes

231 1921 321 1976 recte
350 1908 557 1995 accipiendas
588 1918 782 1992 spectarent.
840 1907 1001 1974 Horatius
1029 1909 1116 1975 enim
1143 1921 1196 1976 est
1220 1922 1319 1996 poeta
1347 1912 1387 1990 is,

233 2051 329 2115 quem
344 2028 417 2106 viri,
432 2027 489 2110 qui
508 2027 552 2092 ob
573 2047 626 2092 res
645 2027 805 2112 gerendas
825 2027 876 2093 vel
891 2029 936 2094 ob
950 2028 1056 2094 officia
1069 2041 1104 2096 et
1116 2031 1249 2116 negotia
1263 2031 1326 2099 sibi
1340 2031 1388 2094 in·

228 2151 344 2233 junctu
373 2169 439 2212 uon
467 2145 605 2230 amplius
634 2169 748 2212 vacare
776 2157 916 2232 possunt
945 2148 1160 2234 scriptoribus
1193 2170 1277 2232 quos
1312 2149 1387 2215 olim

232 2267 395 2352 legerunt,
425 2266 563 2351 abjectis
592 2266 709 2332 ceteris
744 2265 906 2343 omnibus,
937 2274 1091 2350 tanquam
1114 2267 1387 2351 jucundissimum

232 2386 307 2449 vitae
331 2405 401 2448 suae
424 2385 575 2448 comitem
597 2383 748 2461 retinent,
764 2403 839 2448 eum
858 2384 892 2447 in
908 2384 980 2448 sinu
994 2393 1136 2468 gestant,
1151 2407 1226 2450 cum
1239 2408 1292 2464 eo,
1307 2409 1387 2471 quo·

233 2505 425 2586 tiescunque
457 2501 582 2586 aliquid
610 2503 669 2568 otii
691 2512 857 2587 suppetat,
881 2500 1080 2567 familiariter
1102 2516 1283 2582 versantur,
1313 2527 1387 2570 cum

232 2622 348 2686 eodem
363 2620 574 2684 musticantur.
620 2617 774 2684 Fortasse
789 2619 889 2704 igitur
903 2619 955 2684 his
978 2641 1111 2704 quoque
1131 2619 1220 2687 baud
1235 2624 1335 2688 nocio
1353 2633 1388 2689 et

227 2739 415 2826 periurium
437 2739 501 2802 erit
522 2737 594 2802 haec
617 2760 637 2801 a
659 2759 710 2802 me
728 2737 762 2801 in
782 2737 950 2822 publicum
968 2738 1087 2802 emissa
1111 2737 1243 2805 Horatii
1265 2741 1386 2820 editio;

231 2879 291 2924 nec
315 2857 390 2922 talis
414 2853 563 2942 profecto
585 2856 655 2920 risa
676 2865 727 2920 est
749 2856 929 2934 Britannis,
950 2857 1008 2940 qui
1025 2877 1097 2919 eam
1117 2855 1207 2921 haud
1221 2857 1387 2944 indignam

230 2985 442 3052 censuerunt,
458 2997 533 3060 quae
546 2973 721 3038 invidenda
734 2973 986 3058 magnificentia,
1002 2973 1089 3058 typis
1105 2973 1386 3059 splendidissimis,

231 3107 265 3161 et
286 3097 322 3159 in
345 3093 463 3159 charta
484 3092 687 3170 nitidissima,
708 3102 742 3157 et
759 3092 892 3176 quidem
906 3114 972 3156 uno
986 3102 1085 3170 tomo,
1101 3093 1268 3159 commode
1284 3104 1387 3160 totum

231 3213 409 3280 Horatium
431 3231 505 3274 cum
527 3208 639 3274 Indice
662 3209 859 3286 continente,
877 3209 1020 3274 Londini
1043 3221 1247 3294 repeteretur
1266 3222 1300 3277 et
1313 3211 1387 3276 Bri·

232 3344 407 3398 tannorum
420 3327 570 3392 manibus
586 3336 756 3392 tereretur.

266 3439 454 3516 'variarum
484 3446 660 3512 lectionum
695 3445 890 3532 farraginem
926 3446 1068 3531 adjicere
1104 3447 1204 3525 nolui,
1240 3449 1318 3532 quia
1353 3449 1387 3512 in

231 3568 362 3635 edendo
384 3566 539 3644 Horatio,
561 3575 599 3630 ut
620 3567 689 3650 jam
714 3565 748 3630 in
771 3564 876 3650 prima
897 3563 1088 3649 proefatione
1110 3564 1279 3649 professus
1303 3589 1385 3646 sum,

231 3689 393 3754 rationem
418 3683 563 3768 inprimis
589 3682 690 3747 habui
716 3682 867 3759 tironum,
895 3703 1033 3766 quorum
1055 3682 1110 3745 rix
1136 3705 1221 3746 unus
1246 3692 1279 3748 et
1305 3684 1386 3750 alter

232 3808 338 3872 varias
352 3804 509 3870 lectiones
525 3803 696 3887 inspicere,
712 3799 833 3866 nedum
852 3801 885 3864 in
903 3801 942 3864 iis
961 3800 1180 3884 dijudicandis
1194 3811 1229 3866 et
1243 3801 1387 3888 deligen-

233 3928 284 3992 dis
298 3923 449 3990 exerceri
463 3920 555 3986 solet.

275 4043 380 4120 Quod
394 4042 438 4107 ad
452 4040 599 4107 Indicam
612 4039 799 4106 Verborum
817 4049 851 4102 et
870 4037 1048 4102 Nominum
1063 4037 1190 4114 attinet,
1206 4060 1280 4104 cum
1293 4041 1388 4106 intel·

231 4166 395 4240 lexissem,
416 4181 524 4245 neque
547 4170 671 4224 certum
694 4157 841 4223 ordinem
870 4157 904 4220 in
933 4178 974 4221 eo
1002 4155 1182 4240 digerendo
1212 4168 1385 4236 servatum,

229 4307 336 4370 nequa
361 4283 394 4346 in
418 4301 493 4345 eum
511 4276 700 4362 recipienda
718 4285 852 4359 recepta
876 4295 961 4352 esse,
985 4296 1103 4339 novum
1125 4274 1221 4359 plane
1241 4275 1388 4343 Iudicem

230 4406 360 4470 duobus
379 4397 562 4486 juvenibus
577 4393 713 4460 AEmilio
737 4393 882 4458 Braunio
903 4402 938 4456 et
956 4390 1047 4456 Frid.
1069 4391 1160 4456 Guil.
1177 4392 1316 4478 Regelio
1331 4394 1386 4476 (de

227 4543 365 4608 quorum
378 4517 493 4594 laude,
510 4524 578 4578 tam
591 4513 743 4598 egregiis,
757 4533 841 4597 quos
856 4511 890 4574 in
901 4510 1061 4575 bonarum
1073 4509 1254 4574 litterarum
1269 4513 1386 4576 studiis

224 4640 382 4717 fecerunt,
414 4631 664 4724 progressibus,
693 4653 792 4715 quam
824 4629 971 4693 honestis
1001 4638 1034 4692 et
1064 4629 1259 4711 incorruptis
1289 4631 1385 4715 plane
