3659 5892
484 516 550 577 504
858 510 1250 577 EPISTOLARUM

568 666 727 731 Venimus
742 665 785 729 sd
800 687 955 729 summam
970 664 1127 743 fortunae3
1150 665 1325 749 pingimus,
1341 677 1441 751 atque

570 767 755 844 Psallimus,
770 778 804 831 et
818 766 979 831 luctamur
993 764 1129 831 Achivis
1144 767 1274 831 doctius
1288 770 1407 833 unctis.

570 872 607 935 Si
622 869 755 935 meliora
768 870 852 946 dies,
867 881 905 935 ut
920 871 1004 947 vina,
1020 880 1172 955 poemata
1185 869 1307 947 reddit,

506 976 549 1037 35
570 974 663 1038 Scire
678 972 783 1049 selim,
799 972 940 1057 pretium
955 971 1076 1037 chartis
1091 982 1211 1053 quotus
1226 982 1359 1056 arroget
1373 994 1496 1037 annus:

569 1076 718 1161 Scriptor
732 1074 852 1139 abhinc
866 1095 969 1138 annos
983 1082 1113 1137 centum
1127 1073 1185 1157 qui
1199 1072 1333 1151 decidit,
1349 1075 1436 1139 inter

568 1178 739 1244 Perfectus
753 1187 945 1260 veteresque
960 1174 1075 1241 referri
1089 1175 1211 1241 debet?
1234 1197 1275 1239 an
1290 1176 1376 1241 inter

567 1282 660 1347 Viles
675 1291 775 1364 atque
789 1281 913 1343 novos?
936 1276 1091 1343 excludat
1100 1276 1212 1361 jurgia
1225 1276 1310 1341 finis.

568 1384 633 1448 Est
647 1393 741 1447 vetus
756 1392 855 1465 atque
869 1380 1007 1465 probus,
1022 1390 1152 1443 centum
1167 1378 1223 1461 qui
1238 1378 1367 1463 perficit
1382 1403 1494 1447 annos.

502 1486 546 1550 40
569 1486 681 1559 Quid?
703 1484 761 1569 qui
775 1482 917 1567 deperiit
931 1482 1035 1545 minor
1049 1503 1115 1545 uuo
1129 1502 1239 1545 mense
1254 1479 1305 1545 vel
1319 1503 1417 1561 anno,

566 1586 658 1652 Inter
672 1610 756 1671 quos
770 1584 962 1651 referendus
977 1584 1060 1649 criti
1085 1592 1251 1647 veteresne
1265 1587 1404 1667 poetas?

565 1686 622 1752 An
636 1711 719 1773 quos
731 1699 766 1753 et
779 1710 925 1773 praesens
940 1698 973 1751 et
986 1695 1119 1771 postera
1133 1696 1266 1770 respuat
1280 1690 1382 1751 aetas?

564 1790 632 1855 Iste
647 1791 780 1876 quidem
794 1800 922 1856 veteres
936 1790 1176 1872 interponetur
1189 1788 1338 1864 honeste,

565 1894 635 1967 Qui
650 1891 701 1957 vel
716 1914 826 1958 mense
840 1892 933 1957 brevi
948 1888 999 1955 vel
1015 1898 1084 1953 toto
1099 1900 1150 1953 est
1158 1890 1271 1974 junior
1284 1912 1380 1955 anno.

498 1996 542 2059 45
564 1994 651 2059 Utor
666 1996 836 2079 permisso,
852 1994 1032 2077 caudaeque
1048 1990 1131 2075 pilos
1146 2002 1183 2056 ut
1198 1994 1336 2076 equinas,

477 2144 588 2206 nucleo),
600 2145 635 2195 nil
650 2144 706 2195 duri
721 2155 791 2196 extra
804 2144 830 2193 in
846 2158 908 2192 nuce
920 2142 960 2207 (in
971 2142 1040 2191 nucis
1072 2157 1197 2193 nnmerum
1214 2148 1268 2207 post
1286 2140 1397 2199 niteram,
1415 2145 1505 2209 (dun)
1522 2147 1604 2196 denec
1623 2148 1646 2195 is

475 2210 633 2274 putamine);
658 2208 725 2275 qaod
744 2211 788 2275 qui
810 2208 946 2264 contendat,
969 2220 1040 2257 sensu
1073 2208 1088 2271 (
1092 2208 1139 2260 Qui
1161 2209 1223 2255 redit
1246 2208 1277 2255 nd
1297 2205 1401 2273 sanos),
1424 2210 1467 2273 qui
1495 2212 1643 2276 scriptorum

476 2277 681 2325 communicaret.
1071 2272 1233 2345 prestantium
1251 2286 1349 2319 numero
1366 2271 1456 2323 dieram
1475 2283 1500 2323 et
1519 2292 1643 2325 annerum

508 2340 615 2389 32-35.
636 2339 749 2389 Horatius
766 2339 892 2387 Romanos
910 2336 983 2387 stulte
1000 2352 1038 2385 sr-
1070 2351 1096 2383 tn
1114 2336 1181 2385 fastis
1198 2336 1218 2385 si
1252 2344 1344 2385 storum
1363 2338 1474 2393 mrumst,
1493 2349 1519 2388 ct
1538 2341 1574 2389 nil
1594 2342 1643 2389 nisi

478 2402 538 2451 tium
551 2404 683 2462 scientium,
696 2413 812 2468 tanquam
827 2418 842 2451 s
855 2402 975 2451 veteribus
986 2402 1038 2451 ltn-
1071 2400 1211 2466 scriptajsm
1236 2400 1412 2449 inmortuorum
1420 2402 1640 2467 miratur,(eednt)

476 2469 554 2517 manis
572 2468 692 2523 traditam,
709 2468 829 2532 jactantes
847 2466 954 2515 inducit:
973 2480 1038 2515 snm·
1071 2466 1150 2513 rictus
1169 2463 1282 2515 concidat
1300 2464 1391 2514 ratione
1407 2469 1540 2517 commutis
1560 2470 1640 2519 soervi

475 2546 548 2590 mam,
569 2548 612 2583 vos
630 2533 718 2587 dicitis,
737 2548 792 2597 quse
812 2531 881 2581 nobis
901 2531 1039 2593 contingere
1070 2530 1163 2585 elusus,
1186 2530 1211 2579 h.
1233 2545 1255 2578 s.
1277 2528 1354 2578 donec
1376 2530 1409 2587 ei,
1432 2534 1523 2582 ratione
1545 2534 1640 2582 numen'

475 2604 575 2661 poterat,
603 2597 770 2663 perfectionem
803 2595 907 2645 assecuti
940 2610 1039 2654 sumus;
1071 2594 1159 2642 sensim
1178 2594 1316 2659 sensimque
1335 2593 1421 2644 minuti
1442 2596 1553 2661 decepto,
1575 2614 1639 2663 sqnn

474 2661 603 2725 pingendo,
616 2661 751 2727 psallendo,
766 2670 792 2709 et
809 2658 923 2709 luctando
941 2674 1038 2723 supem-
1071 2656 1169 2708 hnrest.
1202 2659 1286 2707 Habes
1303 2656 1342 2706 hic
1360 2660 1482 2725 egregium
1497 2664 1638 2736 exemplum

475 2741 528 2774 mus
543 2726 657 2775 Grecos!
682 2727 778 2775 t'nctir:
796 2724 910 2773 luctaturi
930 2724 993 2773 enim
1014 2724 1039 2773 in
1070 2722 1160 2779 Soritm
1182 2739 1255 2787 quem
1278 2722 1363 2772 Cicero
1385 2724 1428 2789 (de
1451 2725 1536 2775 Divis.
1556 2728 1583 2785 ir,
1607 2730 1638 2789 4)

473 2790 583 2855 palestra
595 2792 633 2839 vei
650 2791 676 2839 in
694 2792 787 2855 Campo
804 2788 895 2838 Martio
908 2790 962 2838 oleo
979 2788 1038 2853 ungi
1070 2786 1637 2854 Intinesppeilstargumntntionsmanesseim,

476 2854 594 2903 solebant.
1069 2852 1182 2901 sGroecs
1200 2868 1259 2901 voce
1275 2853 1477 2917 cophnnserrns.
1510 2856 1637 2913 Quem.

506 2922 547 2968 ³5.
566 2921 667 2975 Chattis,
690 2918 846 2975 carminibus,
868 2934 924 2992 qun
950 2916 1038 3029 scripte
1069 2914 1166 2965 modum
1177 2916 1269 2967 scilicet
1279 2932 1387 2975 acervus,
1398 2935 1421 2967 v.
1433 2934 1456 2967 c.
1469 2919 1637 2987 tritici‚equn

473 2992 530 3031 sunt
550 2984 577 3032 ia
599 2984 690 3033 tabulis
712 2983 858 3032 chartaceis:
880 2982 925 3030 inf.
944 2980 969 3030 in
1009 2997 1036 3031 ac
1069 2988 1183 3047 perpetuo
1194 2998 1270 3029 unum
1281 2996 1380 3044 granum
1392 2992 1446 3047 post
1456 2983 1558 3033 altemm
1570 2986 1635 3034 tolli-

473 3046 552 3111 Epist.
574 3066 599 3097 v.
622 3050 678 3104 161,
705 3048 790 3097 Grers
814 3047 908 3102 chorte,
930 3046 1038 3095 carmine
1068 3052 1116 3101 tur,
1129 3044 1225 3093 tandem
1237 3045 1340 3105 corruit;
1356 3046 1636 3111 itamagnnsnumemr,

474 3110 577 3173 Graes,
589 3110 1037 3178 spndCetull.lrviii,46.chnrtnnnas
1068 3122 1083 3157 e
1100 3124 1149 3173 qao
1166 3126 1242 3159 unum
1257 3118 1311 3185 post
1324 3110 1426 3160 alterum
1443 3113 1529 3169 demis,
1541 3112 1574 3161 ita
1590 3116 1635 3163 mi-

472 3177 563 3239 ntiqaid
581 3180 652 3241 host,
671 3178 697 3225 h.
712 3192 736 3227 e.
753 3176 858 3224 carmine
872 3191 926 3239 qius
941 3174 1037 3239 longam
1069 3174 1160 3229 nuitur,
1176 3184 1212 3231 ut,
1228 3176 1269 3223 abt
1285 3174 1328 3223 iile
1344 3190 1446 3240 magnus
1461 3192 1514 3227 esse
1531 3177 1634 3237 desinat,

472 3249 566 3291 etatem
579 3242 694 3299 tulerant,
705 3241 796 3305 aliquid
806 3255 901 3289 nutare
914 3238 1036 3289 dicantur.
1067 3238 1169 3287 nescies.

473 3305 580 3355 Pretium
595 3315 697 3370 arroget,
713 3304 837 3355 vetustatis
853 3304 954 3369 pretium
969 3304 1034 3353 attri-
1101 3303 1143 3350 tt.
1161 3304 1245 3359 Cadur,
1257 3317 1311 3351 cum
1331 3320 1415 3355 acervo
1432 3302 1554 3361 conmdst,
1570 3308 1596 3356 h.
1612 3324 1635 3357 e.

473 3370 665 3425 bustrindicet.
1069 3366 1137 3415 seed
1149 3366 1235 3415 incitas
1245 3364 1571 3433 redectnmesseintelligst.

506 3436 548 3484 36.
567 3436 669 3493 Decidit,
693 3442 802 3482 mortuus
821 3443 873 3482 est:
901 3431 1037 3488 morientes,
1102 3433 1143 3481 49.
1172 3432 1225 3479 Nisi
1247 3435 1306 3494 qaod
1328 3434 1434 3483 Libitina
1454 3439 1564 3491 mansit,
1587 3438 1634 3485 nisi

471 3496 1037 3555 utflaccidatoliasrbomm,decideredicuntur3
1070 3496 1136 3559 quod
1154 3495 1211 3544 oiim
1235 3495 1378 3561 scripserunt
1400 3496 1512 3547 Libitine
1535 3501 1633 3558 sacrati,

472 3564 510 3611 vel
540 3564 680 3630 simpliciter
707 3562 738 3611 ad
769 3566 855 3611 decidit
885 3561 979 3625 supple,
1008 3561 1037 3609 ad
1070 3558 1127 3609 h.e.
1136 3560 1232 3626 sepultii
1256 3562 1295 3609 De
1305 3562 1410 3611 Libitina
1421 3562 1471 3612 vid.
1480 3564 1633 3629 supadOd.

471 3642 570 3677 orcum:
587 3645 642 3694 sup.
654 3628 703 3677 Od.
717 3628 750 3685 iv,
762 3628 786 3683 7,
801 3629 840 3681 14,
858 3626 913 3682 Nos,
926 3628 966 3674 ahi
977 3628 1037 3675 deci·
1069 3622 1105 3679 iii,
1117 3626 1158 3680 30.
1172 3627 1196 3681 7,
1207 3633 1231 3673 et
1242 3624 1273 3673 sd
1283 3626 1334 3675 Sat.
1345 3626 1372 3683 ii,
1384 3628 1408 3683 6,
1423 3628 1463 3676 19.

471 3694 556 3749 dimus,
570 3695 621 3746 Quo
629 3697 682 3755 piar
696 3694 786 3748 ,Encas
798 3699 855 3741 cett.
1103 3692 1136 3739 50
1152 3706 1207 3755 sqq.
1223 3690 1279 3739 Jam
1302 3690 1416 3741 Horatius
1437 3692 1507 3741 affert
1526 3702 1632 3745 suerum

504 3758 546 3805 30.
565 3758 847 3822 Eretudatjurgiofinis:
862 3755 974 3804 definitus
984 3754 1034 3804 sive
1067 3763 1188 3819 poetarum
1198 3754 1406 3813 celebratissimos,
1417 3756 1534 3813 Ennium,
1549 3758 1633 3807 Nervi.

471 3822 619 3883 praestitutus
629 3836 753 3877 annorum¹
766 3821 856 3885 quihus
867 3828 973 3871 vetustas
984 3820 1034 3867 effi·
1068 3834 1117 3875 um,
1135 3828 1193 3869 cett.
1212 3820 1317 3883 proiecto
1334 3836 1391 3877 non,
1409 3828 1436 3869 ut
1454 3820 1535 3896 plures
1552 3824 1631 3873 luter-

471 3884 542 3941 citur‚
554 3902 667 3935 numeras
682 3885 751 3935 tollat
768 3893 793 3933 et
810 3892 928 3933 removeat
940 3900 1034 3933 omnem
1068 3892 1145 3947 pretes
1156 3882 1313 3941 contendunt,
1326 3893 1353 3932 ut
1362 3899 1445 3935 manes
1454 3885 1552 3935 iliorum
1562 3888 1631 3936 velli-

472 3947 502 3997 ds
514 3950 559 3998 hac
571 3966 595 3999 re
607 3951 672 4000 litem
683 3960 707 3999 at
725 3966 756 3999 ue
767 3948 960 3999 controversiam.
1068 3956 1114 4001 cet.
1126 3947 1193 3997 etde
1217 3947 1283 4003 retia,
1295 3948 1361 4012 qaod
1375 3948 1404 3998 iis
1419 3950 1573 4009 tribuebatur,
1586 3953 1632 4001 eli·

504 4014 545 4062 39.
579 4016 675 4071 Probas,
703 3968 766 4064 iden
793 4014 835 4078 qui
861 4013 932 4063 modo
955 4030 978 4061 v.
1001 4012 1032 4059 ³7
1065 4011 1123 4076 quid
1134 3964 1345 4069 terminandus
1354 4013 1474 4069 ostendet,
1485 4033 1553 4078 pann
1564 4032 1630 4065 rnre-

471 4076 550 4127 dictus
560 4088 596 4128 est
603 4080 728 4145 perfectus.
1066 4086 1115 4124 tam
1131 4079 1161 4123 rit
1180 4078 1217 4135 (ν.
1229 4078 1275 4137 54)
1287 4088 1351 4127 adas
1366 4095 1429 4127 omne
1443 4096 1532 4141 porram
1566 4082 1630 4130 Latt-

504 4146 544 4191 40.
562 4144 652 4201 Minor,
663 4161 698 4195 sc.
709 4151 782 4201 netu;
797 4141 889 4207 junior.
1066 4140 1108 4188 dut
1128 4139 1194 4215 quod
1211 4140 1357 4190 laudandum
1375 4150 1422 4199 est,
1439 4150 1464 4192 et
1481 4144 1632 4209 reprehendit

503 4210 545 4257 42.
565 4209 657 4266 An,sc.
672 4208 734 4257 inter
750 4224 791 4256 eos
808 4222 877 4272 quos,
895 4216 952 4254 cett.
986 4206 1034 4255 Pro
1066 4202 1167 4269 quadiu
1181 4204 1385 4271 reprehensionem
1398 4208 1519 4257 incurrere
1529 4209 1631 4260 ridetur.

470 4272 563 4336 vulgari
579 4284 678 4335 respuet,
689 4272 745 4322 dedi
759 4287 814 4320 cum
827 4271 937 4320 Bentleio
948 4279 973 4319 et
986 4270 1035 4319 Fea
1067 4270 1132 4319 Hinc
1144 4286 1167 4319 v.
1179 4272 1219 4327 60,
1230 4270 1350 4319 interdum
1359 4274 1444 4337 nulgrn
1451 4282 1540 4321 rectam
1550 4276 1630 4335 sidet,-

470 4348 573 4397 respuat.
583 4337 768 4403 suffragantibus
776 4336 887 4385 omnibus
899 4336 946 4384 tero
955 4334 1034 4385 Codd.
1066 4345 1097 4383 est
1107 4336 1147 4381 abi
1157 4344 1244 4397 pacem.
1277 4334 1303 4383 Si
1315 4336 1431 4385 Horatius
1446 4336 1520 4385 Ennii
1534 4337 1629 4388 laudem

503 4404 543 4451 43.
562 4402 669 4459 Honeste,
680 4418 728 4450 non
738 4399 863 4456 immerito,
876 4408 949 4449 reete.
1066 4398 1205 4448 imminuere
1223 4399 1344 4458 voluisset,
1360 4400 1443 4449 leviter
1457 4410 1521 4450 certe
1536 4412 1629 4451 estem·

502 4468 608 4516 45-49.
628 4469 687 4515 Utor
700 4469 815 4528 permisso,
832 4474 889 4514 cett.
901 4472 956 4513 utor
965 4464 1035 4513 venis
1067 4478 1119 4511 nrm
1144 4480 1248 4528 quoque,
1277 4465 1319 4529 qui
1348 4474 1489 4529 sequuntur,
1513 4467 1629 4531 tetigisset

469 4530 568 4579 alterius
585 4530 723 4597 querendi5
741 4540 775 4585 st,
789 4529 853 4578 sicut
867 4544 942 4577 unum
957 4528 1033 4595 pilum
1065 4528 1131 4577 vitia.
1165 4530 1195 4576 ln
1213 4544 1242 4577 eo
1259 4536 1352 4577 tuntum
1370 4528 1479 4579 homines
1492 4546 1569 4579 errare
1585 4532 1628 4589 eit.

468 4605 523 4659 post
539 4596 639 4645 alteram
654 4612 684 4645 ex
699 4594 778 4644 cauda
791 4594 886 4657 equina,
899 4594 934 4643 ita
946 4594 976 4643 de
987 4608 1032 4641 nu·
1065 4591 1131 4667 quod
1141 4592 1176 4641 its
1186 4592 1299 4643 mirentur
1310 4602 1400 4643 veteres
1411 4598 1450 4657 (v.
1460 4595 1517 4655 65),
1529 4604 1555 4644 ut
1567 4594 1627 4644 nihil

468 4674 534 4709 mero
545 4676 668 4717 annorum,
680 4660 769 4724 quibus
777 4666 882 4708 vetustas
892 4658 1032 4724 scriptorum
1065 4655 1095 4707 its
1106 4657 1246 4713 anteferant,
1258 4656 1319 4707 nihil
1330 4658 1359 4706 iis
1368 4668 1513 4725 comparent.

469 4726 637 4782 constituntur,
645 4725 761 4792 paulatim
770 4724 833 4775 vello
843 4732 868 4773 et
879 4723 949 4773 demo
957 4737 1031 4771 unum
1097 4724 1138 4771 50.
1162 4722 1266 4785 Sapiens,
1287 4722 1380 4781 dectus,
1396 4724 1518 4785 eruditus3
1542 4724 1626 4775 codem
