3659 5892
487 537 549 602 186
910 533 1209 601 CARMINUM

700 668 888 755 Antequam
903 682 1027 738 stantes
1041 683 1170 756 repetat
1183 672 1321 757 paludes

636 773 677 838 10
698 773 854 840 Imbrium
870 775 981 840 divina
993 776 1062 840 avis
1077 776 1310 852 imminentum,

698 877 854 942 Oscinem
869 899 1001 942 corvum
1016 899 1114 962 prece
1129 878 1296 942 suscitabo

999 978 1085 1044 Solis
1099 980 1142 1044 ab
1157 989 1242 1044 ortu.

698 1081 751 1144 Sis
766 1081 842 1146 licet
856 1079 947 1159 felix,
963 1081 1151 1165 ubicunque
1165 1082 1278 1159 mavis,

700 1185 747 1248 Et
761 1207 883 1250 memor
897 1185 1012 1262 nostri,
1029 1183 1180 1261 Galatea,
1195 1185 1302 1249 vivas:

637 1285 677 1350 15
699 1285 816 1372 Teque
831 1308 892 1351 nec
906 1285 1007 1350 laevus
1023 1296 1111 1350 vetet
1125 1287 1172 1350 ire
1187 1286 1293 1370 picus,

1003 1387 1078 1453 Nec
1093 1410 1177 1473 vaga
1190 1389 1315 1453 cornix.

700 1490 768 1556 Sed
783 1490 886 1568 vides,
903 1501 1026 1574 quanto
1041 1490 1185 1576 trepidet
1199 1489 1341 1556 tumultu

697 1593 826 1660 Pronus
842 1594 959 1659 Orion.
1005 1593 1093 1680 Ego,
1107 1593 1189 1678 quid
1203 1593 1246 1657 sit
1260 1601 1331 1657 ater

700 1695 851 1774 Hadriae,
867 1696 954 1774 novi,
970 1696 1072 1774 sinna,
1089 1695 1218 1780 etquid
1232 1693 1326 1759 albus

627 1798 671 1863 20
998 1797 1120 1864 Peccet
1134 1797 1249 1882 Iapyx.

697 1899 855 1965 Hostium
866 1922 988 1965 uxores
1003 1900 1162 1984 puerique
1177 1921 1282 1964 caecos

699 2000 849 2066 Sentiant
863 2012 971 2066 motus
987 2002 1121 2068 orientis
1136 1998 1264 2079 Austri,
1277 2011 1311 2066 et

698 2104 858 2189 AEquoris
874 2105 959 2189 nigri
973 2103 1148 2182 fremitum,
1163 2115 1198 2168 et
1213 2113 1387 2169 trementes

1002 2205 1152 2272 Verbere
1166 2207 1266 2292 ripas.

634 2311 677 2373 25
700 2309 755 2374 Sic
769 2319 804 2374 et
818 2309 954 2395 Europe
969 2310 1100 2374 niveum
1115 2308 1230 2374 doloso

698 2412 849 2478 Credidit
864 2423 960 2478 tauro
974 2411 1071 2491 latus,
1086 2422 1120 2477 et
1136 2420 1314 2477 scatentem

700 2513 824 2580 Belluis
839 2527 976 2600 pontum
990 2515 1180 2599 mediasque
1196 2513 1329 2580 fraudes

1002 2617 1125 2682 Palluit
1138 2617 1259 2682 audax.

698 2719 818 2805 Nuper
832 2722 866 2784 in
881 2721 984 2806 pratis
1000 2721 1148 2786 studiosa
1163 2720 1290 2798 dorum,
1305 2731 1340 2785 et

483 2913 518 2958 ter
533 2907 589 2957 lsrtn
604 2906 704 2972 auguria
717 2907 839 2974 precipio.
874 2909 978 2956 Oscinem
995 2925 1044 2956 eor-
1076 2908 1118 2963 28,
1128 2907 1256 2964 2l,0riorr
1273 2909 1378 2960 denaus,
1388 2905 1431 2954 ubi
1447 2906 1480 2954 cl.
1492 2912 1545 2955 not.
1580 2907 1640 2972 ng,

483 2989 536 3020 uum
572 2988 619 3020 rscs
637 2974 748 3022 suscitabo
766 2973 824 3020 Solis
845 2974 874 3020 ol
893 2982 964 3021 orta:
987 2972 1045 3023 dens
1076 2974 1236 3034 qrsidsitoter
1245 2971 1512 3028 Hatrieaovininus:
1528 2972 1581 3038 ipse
1596 2988 1642 3036 ege

483 3051 552 3101 preca
586 3055 604 3092 r.
624 3044 652 3086 ut
670 3036 774 3084 oscinem
792 3053 888 3086 coruum
908 3038 939 3085 ab
955 3036 1044 3088 oriente
1075 3044 1185 3101 expertus
1200 3052 1263 3093 surn,
1275 3051 1348 3099 quam
1354 3034 1519 3109 periculosum
1530 3037 1563 3085 sit
1573 3037 1640 3086 navi·

483 3101 624 3150 suscitatum
643 3102 725 3150 laetum
744 3117 814 3150 omen
832 3116 919 3151 canere
932 3101 1043 3167 jubeant.
1075 3115 1131 3164 gare
1142 3098 1168 3149 in
1178 3100 1240 3148 mari
1250 3099 1400 3155 Hadriatico,
1412 3100 1510 3164 quaudo
1526 3100 1574 3149 atri
1587 3101 1642 3166 ejrrs

485 3166 585 3222 Orcioes,
596 3173 623 3214 ut
633 3165 691 3214 nutis
703 3174 793 3222 notum,
802 3174 873 3214 cantu
883 3167 920 3215 vel
931 3165 1044 3223 clamore,
1077 3167 1165 3214 fluctus
1183 3173 1302 3223 astuant;
1317 3180 1382 3212 mare
1395 3163 1469 3220 eninr,
1480 3165 1541 3214 dnm
1555 3175 1643 3216 estuat

480 3239 588 3293 praepetes
609 3229 689 3278 volatu
713 3231 836 3294 augurium
856 3230 954 3280 dabant.
986 3232 1046 3280 Solis
1075 3229 1101 3278 in
1116 3233 1181 3278 sinas
1191 3229 1321 3278 reducitur.
1354 3228 1410 3278 Nisi
1425 3229 1485 3278 forte
1500 3240 1574 3295 poeta
1589 3247 1642 3281 eer-

482 3297 511 3342 ol
528 3305 591 3350 ortu,
609 3297 640 3343 ab
657 3295 747 3344 oriente
764 3295 828 3344 enirn
846 3295 942 3344 laetioris
957 3296 1044 3344 ominis
1076 3301 1128 3342 turn
1144 3293 1265 3360 quendam
1281 3293 1354 3343 maris
1368 3293 1502 3343 Hadriatici
1519 3295 1547 3344 in
1563 3298 1643 3345 §aaa

482 3373 539 3408 aves
550 3358 660 3408 advolare
671 3359 806 3409 debebant:
825 3361 856 3410 cl.
867 3362 967 3410 Sueten.
981 3361 1042 3410 Ves-
1075 3368 1204 3408 exeuntem
1219 3359 1300 3408 locum
1316 3359 1455 3426 respexerit,
1465 3358 1509 3423 qni
1519 3360 1642 3424 navigan-

482 3424 668 3489 pravitas
687 3425 803 3474 subline.
836 3427 966 3488 Antequam
979 3436 1044 3474 aaa·
1076 3423 1141 3472 tibus
1162 3423 1271 3490 inprimis
1291 3432 1348 3472 atra
1367 3423 1515 3488 tempestatis
1534 3433 1643 3490 tempore

483 3497 515 3536 tes
536 3497 625 3550 repetat
645 3491 743 3551 paludes
761 3489 873 3538 Imbrium
894 3493 976 3540 diuino
996 3494 1046 3540 aeis
1075 3486 1178 3538 infestus
1196 3497 1267 3538 esset.
1302 3489 1393 3554 Ioppe:
1415 3487 1464 3536 vid.
1481 3488 1514 3536 sd
1531 3488 1549 3544 i,
1569 3491 1596 3548 ³,
1616 3494 1641 3540 4.

483 3554 656 3602 immittentem.-
673 3562 802 3618 antequam
821 3553 881 3608 avis,
894 3553 1046 3606 imminentes
1077 3555 1159 3611 Altos,
1177 3553 1268 3602 coelrrm
1287 3553 1369 3602 elbum
1387 3553 1438 3602 sive
1455 3569 1568 3603 serennrn
1588 3557 1641 3606 red·

482 3615 569 3666 imbres
584 3616 699 3667 divinitus
714 3618 853 3683 predicens,
866 3627 957 3668 stantes
973 3619 1043 3685 paln-
1077 3617 1153 3678 dens;
1169 3627 1197 3666 ut
1207 3634 1261 3683 sup.
1273 3619 1290 3674 i,
1302 3620 1327 3674 7,
1340 3621 1380 3674 15,
1392 3619 1458 3666 albas
1470 3619 1557 3676 natm,
1568 3627 1595 3669 et
1606 3619 1640 3678 iii,

482 3679 524 3728 des
540 3691 638 3747 repetat,
651 3683 675 3730 ln.
685 3699 707 3731 e.
719 3691 860 3747 tempestate
876 3683 985 3733 nondam
1002 3700 1045 3749 per
1077 3683 1101 3739 7,
1122 3685 1145 3739 l,
1164 3685 1259 3732 condidi
1282 3684 1390 3732 anom'i.
1423 3683 1487 3737 Quid
1507 3695 1596 3745 meet,
1615 3684 1640 3734 in

482 3745 600 3796 cornicem
612 3746 741 3810 predicta
758 3747 860 3798 lavando
872 3747 936 3796 enim
946 3757 972 3798 et
981 3764 1045 3824 aqna
1076 3757 1190 3811 quantam
1212 3747 1321 3797 fraudem
1341 3746 1449 3804 inducat,
1466 3747 1527 3812 qnid
1549 3748 1641 3798 fraudis

482 3823 508 3858 se
521 3809 545 3858 in
557 3811 686 3876 paludibus
700 3812 865 3878 perfundendo
882 3813 990 3864 cornices
1006 3831 1043 3864 rn·
1075 3812 1216 3862 committat.
1240 3813 1349 3862 Hortinos
1357 3815 1641 3876 urorespnen'qse,qnod

481 3872 569 3987 tili
577 3876 822 3991 liliatam*
833 3876 897 3991 tt?
898 3877 960 4007 ³231?
973 3889 1043 3994 tlt·
1076 3875 1639 3992 lilttttttt'rllttttlttt

483 4002 548 4058 xviii,
562 4006 604 4054 35.
1076 4005 1101 4054 Ιι.
1117 4022 1141 4055 e.
1155 4017 1228 4062 atros,
1244 4005 1360 4055 turbidos.
1394 4005 1523 4055 Trsrrrentss
1539 4010 1640 4065 msere,

518 4069 620 4117 13-24.
637 4070 673 4118 sn
690 4071 743 4120 licet
753 4070 825 4136 felin,
843 4079 900 4121 cett.
919 4086 1003 4120 sensus
1019 4079 1045 4122 et
1075 4069 1284 4120 contremiscentes
1307 4073 1422 4120 ductuum
1452 4070 1546 4120 allisa:
1575 4074 1640 4138 apud

483 4148 571 4182 nexus:
589 4149 630 4198 per
641 4150 680 4184 me
689 4135 761 4199 igitur
771 4136 808 4184 vel
818 4153 860 4201 per
870 4135 1044 4201 negotiaque
1078 4136 1147 4199 Virg.
1157 4138 1217 4184 AEn.
1225 4135 1260 4193 iii,
1270 4137 1327 4195 42³,
1337 4133 1473 4200 Charybdis
1484 4138 1552 4184 undo
1561 4139 1639 4186 sidem

481 4213 526 4262 ego
537 4213 579 4262 pro
588 4206 611 4246 te
623 4198 701 4263 capio,
710 4202 763 4249 licet
774 4215 842 4258 sane,
855 4209 889 4258 nt,
902 4201 1060 4266 ubicunque„
1074 4204 1193 4249 oerlrmrs
1202 4200 1298 4250 dicitur.

482 4262 534 4318 tibi,
547 4262 659 4320 Galatea,
672 4263 758 4329 placet,
771 4263 865 4314 felicem
879 4275 903 4314 et
914 4281 1042 4314 memorem
1107 4267 1213 4315 25-36.
1230 4267 1277 4323 Sic,
1289 4264 1341 4330 peri
1351 4263 1482 4313 temeritate
1492 4271 1518 4314 et
1530 4263 1638 4316 inconsi-

483 4328 529 4377 mei
540 4326 611 4376 vitam
624 4343 689 4392 eges,
699 4330 810 4394 latisque
820 4329 877 4379 inde
887 4330 1043 4394 proficiscaris
1075 4329 1198 4380 demntia:
1216 4331 1370 4394 vidargum.
1402 4329 1531 4378 Santram
1547 4329 1639 4380 narras

481 4393 608 4448 ominibus,
621 4401 677 4442 cett.
712 4395 805 4449 Quanto
822 4397 922 4456 trepidet
938 4397 1043 4444 tumultu
1073 4405 1178 4456 pontum,
1198 4393 1338 4460 μεγακήτεα
1358 4394 1463 4450 πόντον,
1481 4395 1583 4444 Homer.
1603 4397 1638 4446 0-

481 4457 573 4506 Pronus
582 4459 664 4516 Orion,
672 4467 763 4524 quanto
773 4459 1042 4510 tumultundoccasum
1074 4458 1254 4524 dyss.iii,158.
1287 4461 1387 4522 Medias,
1402 4460 1429 4507 in
1444 4457 1523 4508 medio
1540 4458 1637 4510 demum

480 4531 533 4571 ruat
545 4521 630 4581 Orion,
643 4524 668 4572 h.
680 4541 702 4576 e·
713 4533 805 4589 quante
820 4533 874 4589 post
888 4525 985 4574 Orionis
1000 4541 1042 4574 oc·
1074 4524 1134 4573 mari
1150 4524 1188 4574 rel
1203 4523 1309 4591 periculo
1324 4524 1442 4587 cognitas.
1475 4525 1561 4572 Audax
1579 4525 1638 4576 refer

480 4601 572 4644 casum,
585 4587 627 4652 qui
639 4587 721 4645 instat,
732 4597 842 4638 exonera
859 4588 890 4638 sit
906 4597 1042 4655 tempestas.
1074 4587 1106 4638 ad
1121 4591 1188 4638 Euro
1205 4607 1225 4638 se
1241 4587 1398 4639 temeritatem
1415 4597 1441 4637 et
1456 4586 1635 4638 inconsideran-

482 4651 600 4713 Trepide,
611 4652 636 4701 h.
647 4669 670 4704 e.
681 4652 789 4703 festinet:
808 4653 840 4702 cl.
857 4669 911 4719 sup.
922 4654 948 4711 ii,
961 4656 986 4712 4,
1000 4657 1041 4703 23.
1074 4654 1141 4702 tiam
1202 4670 1267 4716 uper,
1284 4653 1355 4719 paulo
1371 4662 1436 4709 ante,
1451 4651 1555 4702 dudnrn.
1589 4654 1635 4702 De·

481 4715 573 4766 Pronus
590 4715 620 4766 sd
638 4733 749 4768 occasum
768 4733 884 4782 vergens3
904 4728 933 4768 ut
949 4735 1004 4785 sup.
1022 4719 1039 4776 i,
1073 4721 1125 4768 bita
1148 4719 1270 4784 ll'ymplr's,
1292 4733 1368 4783 qaam
1391 4734 1423 4769 ex
1444 4726 1500 4769 roto
1526 4725 1637 4784 suscepte
