3659 5892
608 525 773 593 LIBER
786 527 857 607 Ν,
873 529 929 637 '¹¹ff·

287 675 343 756 Et,
359 701 432 763 quae
447 700 534 744 nunc
549 678 692 743 humeris
707 679 1086 759 involitat-deciderint
1099 703 1211 760 comte,

285 779 383 846 Nunc
398 791 443 858 et,
458 781 516 865 qui
530 779 619 846 color
633 793 684 846 est
698 784 846 866 punioeae
860 783 942 850 flore
956 785 1047 869 prior
1061 805 1157 862 roste,

235 881 256 945 5
286 881 435 946 Mutatus
451 881 645 967 Ligurinum
659 885 693 947 in
707 883 822 950 faeiem
836 887 970 951 verterit
983 887 1168 972 hispidam3

285 982 396 1061 Dices,
412 984 508 1050 Heu!
532 986 660 1070 quoties
676 997 708 1051 te
723 987 757 1050 in
772 986 905 1072 speculo
920 988 1040 1052 videris
1055 988 1204 1066 alterum,

286 1084 370 1158 Quae
384 1108 474 1150 mens
489 1099 541 1152 est
553 1087 664 1167 hodie,
680 1111 739 1153 cur
753 1089 867 1154 endem
882 1112 948 1155 non
961 1113 1065 1175 puero
1080 1090 1167 1156 fuist

284 1185 348 1252 Vel
362 1209 421 1251 eur
435 1187 486 1252 his
500 1189 614 1253 animis
628 1189 805 1256 incolumes
820 1213 886 1256 non
899 1191 1040 1258 redeunt
1052 1195 1168 1279 gemel

521 1511 525 1520 '
621 1512 830 1580 CARMEN
854 1515 920 1581 xl·

535 1741 606 1790 AD
646 1741 1007 1794 PHYLLIDEM.

411 1901 483 1966 Ess·
496 1900 575 1965 mihi
590 1924 710 1967 nonum
725 1885 1044 1988 superantis'snnum

411 2001 533 2067 Plenus
548 2001 670 2068 Albani
685 2004 804 2069 cadus:
828 2016 879 2071 est
892 2007 927 2070 in
940 2006 1048 2084 horto,

409 2105 529 2191 Phylli,
544 2107 712 2172 nectendis
727 2109 837 2192 epium
850 2109 999 2172 coronis:

712 2208 776 2273 Est
789 2208 923 2275 hederae
936 2211 985 2274 vis

356 2309 378 2372 5
409 2309 529 2389 Mults,
544 2332 610 2394 qus
624 2311 730 2376 crines
744 2310 881 2396 religate
894 2310 1012 2396 fulges.

409 2410 512 2476 Ridet
527 2423 662 2496 argento
677 2412 812 2477 domus:
837 2435 893 2476 era
908 2415 1007 2477 castis

407 2513 529 2578 Vincta
542 2513 704 2591 verbenis,
720 2525 794 2579 avet
808 2514 972 2580 immolato
1063 2531 1073 2538 '

707 2614 864 2701 Spargier
877 2639 974 2702 agno.

409 2715 538 2781 Cuncta
552 2715 684 2781 festinat
698 2739 830 2783 manus:
854 2717 920 2784 huc
934 2730 968 2784 et
981 2717 1058 2784 illuc

191 2917 240 2956 ens,
252 2899 300 2958 vel,
312 2909 341 2948 ut
356 2899 471 2950 Horatius
487 2917 541 2966 sup.
553 2899 588 2954 iii.
600 2903 642 2956 20,
657 2903 696 2959 ll,
709 2901 752 2950 liu-
785 2909 813 2950 ut
821 2917 850 2951 eo
860 2902 937 2978 magis
945 2902 1026 2951 locum
1036 2901 1156 2966 relinquet
1165 2900 1219 2966 ejus
1226 2901 1346 2966 precibus,

191 2969 260 3014 neris
279 2966 372 3026 capillis
392 2981 494 3026 marm.
515 2964 546 3014 sd
568 2965 663 3014 lonnssi
686 2966 754 3032 pueri
785 2966 888 3032 primum
899 2983 950 3032 Jasn
962 2976 1045 3032 persta
1058 2975 1083 3015 et
1094 2965 1298 3016 sdomstsesses

191 3045 291 3078 veneres
310 3027 427 3093 pertinet:
447 3030 479 3078 el.
496 3029 541 3078 inl.
559 3031 637 3096 Epod.
656 3031 695 3087 11,
713 3032 754 3080 28.
785 3045 811 3080 se
834 3031 923 3088 omnia,
942 3047 998 3096 que
1016 3031 1083 3096 juste
1100 3029 1149 3079 diei
1167 3030 1222 3080 lesti
1243 3041 1347 3143 retluimt

191 3093 265 3142 Nune
276 3103 308 3149 et,
319 3095 437 3156 quie-olor,
449 3103 506 3144 cett.
520 3094 605 3160 junge,
614 3103 639 3144 et
650 3103 754 3144 mutatus
785 3095 922 3152 celebratio,
934 3105 1043 3154 enen-m
1058 3094 1154 3152 deinde,
1167 3111 1197 3144 ns
1209 3095 1272 3160 Phyl
1284 3097 1304 3144 is
1316 3095 1349 3146 sit

191 3157 266 3212 eolor,
279 3157 322 3232 qui
337 3171 401 3205 nune
416 3166 453 3205 est
462 3158 525 3222 prior
541 3159 595 3208 flore
612 3175 670 3208 roste
699 3159 753 3208 uni-
787 3161 867 3210 nescia
880 3160 978 3226 quantis
995 3160 1084 3209 letitiis
1094 3160 1345 3232 advocemuseMse-

189 3221 557 3336 instruuntur
574 3176 752 3337 ‘anulii
785 3224 1347 3352 telinum›viniuuuu

189 3322 272 3400 duet’ae
286 3302 437 3400 etdeloltles
448 3353 517 3401 lecte
530 3304 751 3418 lugelintzplsiguri·
785 3361 846 3409 tum,
867 3369 897 3404 ne
916 3325 1017 3418 'leleplii
1038 3353 1097 3402 lorts
1112 3367 1192 3400 emere
1208 3366 1235 3400 se
1251 3324 1346 3402 retinui

189 3433 257 3470 num,
276 3431 326 3480 pre.
345 3423 377 3473 te,
392 3415 496 3465 suaviter
510 3433 605 3472 nornen,
618 3415 683 3482 quod
700 3427 751 3466 tum
784 3419 886 3482 patiatur
898 3419 930 3466 eb
939 3419 985 3466 hoe
997 3418 1053 3466 leto
1064 3417 1183 3472 convivio,
1190 3415 1269 3472 illum,
1290 3432 1346 3465 uem

189 3479 216 3528 in
227 3495 269 3528 ore
280 3479 387 3528 emnium
399 3489 457 3537 eret.
471 3481 547 3547 ponit.
580 3483 661 3530 Color:
677 3483 752 3531 notis·
784 3483 865 3540 stulte,
879 3493 906 3531 ut
916 3491 979 3531 sorte
991 3481 1038 3530 sibi
1048 3481 1175 3548 disparem,
1187 3488 1261 3545 petet,
1272 3431 1345 3528 litio·

189 3543 280 3592 simum
294 3551 332 3592 est
347 3543 408 3592 illud
424 3545 520 3609 Virgilii
535 3545 604 3610 (Eel.
620 3547 647 3604 ii,
661 3547 713 3610 17),
732 3549 752 3596 Ο
785 3545 817 3595 ris
828 3547 915 3613 puellae
932 3546 1052 3595 amoribus
1067 3562 1131 3595 nunc
1142 3546 1250 3593 vinetum
1261 3543 1346 3601 teneri,

181 3609 288 3674 sorssors
299 3611 674 3670 pumnimiumnecredeeolori:
693 3613 753 3660 Alba
785 3609 869 3672 docet3
887 3610 1000 3685 denique,
1012 3626 1060 3676 quo
1077 3609 1137 3658 nihil
1154 3608 1186 3656 sd
1201 3607 1346 3674 capiendum

188 3674 294 3785 Ᾰτὶςυῑτα
310 3675 407 3730 esduiit,
426 3676 528 3724 vaccinia
545 3678 616 3740 nigra
634 3677 753 3739 leguntur.
786 3675 906 3752 Phgllidis
920 3691 1027 3724 nmmum
1039 3675 1134 3739 grunius
1147 3672 1234 3722 sddets
1244 3682 1346 3738 poterat,

210 3740 510 3796 caltarumtemutatum,
520 3749 545 3788 et
552 3741 582 3788 ab
590 3755 627 3797 eo,
635 3739 677 3805 qui
689 3755 752 3790 nune
785 3755 811 3788 se
829 3756 854 3788 m
873 3741 924 3790 solo
943 3740 997 3788 e'us
1015 3755 1094 3788 amore
1112 3752 1177 3787 nune
1195 3752 1223 3786 ae
1241 3737 1347 3788 uieseere

189 3817 226 3859 es,
239 3801 367 3859 diversum,
379 3802 442 3850 vels
489 3804 534 3852 iem
546 3812 639 3853 tuams
654 3805 752 3872 pristine
785 3807 895 3854 affirmat.
929 3757 1074 3870 Plutum,
1119 3818 1158 3851 am
1174 3802 1238 3877 sub·
1263 3817 1346 3850 ecer-

189 3867 263 3930 plane
275 3865 402 3916 diversam.
450 3885 556 3916 ueniens
566 3879 597 3917 est
609 3872 682 3926 lodie
694 3878 751 3920 cett.
784 3869 856 3918 minis
867 3869 971 3918 canendi
979 3870 1078 3935 peritam
1099 3865 1346 3932 ecitpseltnsm,stl·

189 3933 259 3980 Ante
286 3930 368 3980 ocules
389 3931 504 3981 Horatius
531 3932 624 3990 habuit,
649 3943 678 3982 ut
703 3934 751 3984 'em
783 3949 858 3999 eoque
871 3950 919 3983 non
929 3932 1070 3982 honestioris
1086 3930 1230 3980 conditionis
1240 3929 1347 3996 puellum

188 3994 320 4044 Scholiast.
330 3995 423 4060 Cruqu.
431 3997 573 4053 observavit,
581 3999 678 4048 Terent.
688 3951 751 4048 llec.
784 3998 865 4055 luisse,
878 4014 952 4064 quam
968 3997 1047 4061 qualis
1059 3996 1126 4062 Lyde
1139 3995 1346 4072 descriliitursup.

188 4059 207 4116 i,
217 4061 290 4116 l‚l'l,
301 4061 367 4108 Eleu
378 4063 537 4110 mentiemur!
553 4067 752 4113 cnrnnnautist·
784 4062 810 4122 ii,
825 4065 865 4120 ll,
880 4065 910 4110 21
927 4077 989 4127 sqq„
1001 4061 1034 4110 cl.
1049 4061 1085 4118 iii,
1098 4063 1138 4117 14,
1153 4063 1195 4116 21,
1205 4059 1240 4112 ιίι.
1252 4062 1294 4116 28,
1305 4076 1347 4109 vix

189 4125 245 4180 luce,
256 4125 314 4172 mili
326 4125 394 4173 AEtas
409 4126 523 4190 etfama
540 4137 581 4183 est,
594 4137 635 4175 sut
650 4131 694 4177 tibi
708 4130 753 4178 lue
784 4125 886 4176 dubitari
909 4135 996 4192 potest.
1030 4125 1077 4175 Sed
1099 4126 1142 4200 qui
1167 4125 1260 4181 statuit,
1282 4123 1348 4199 qued

187 4191 321 4237 sententia?
355 4189 399 4237 His
416 4193 508 4246 animis,
521 4207 586 4240 nunc
603 4191 663 4240 mihi
681 4193 752 4256 longe
785 4201 847 4241 recte
869 4191 943 4239 stetui
962 4205 1032 4257 pesse
1049 4189 1167 4247 existimo,
1187 4205 1236 4237 non
1256 4203 1348 4255 pmpne

188 4251 261 4301 stiur
278 4267 306 4300 ae
324 4251 381 4301 olim
399 4254 519 4312 sentienti,
535 4255 561 4304 h.
573 4271 595 4305 e.
612 4272 676 4306 nunc
694 4257 753 4306 mihi
786 4255 901 4322 Phyllidi.
915 4254 958 4304 sed
972 4255 1145 4310 tulmentum
1161 4253 1184 4302 ei
1197 4252 1261 4302 diem
1279 4262 1348 4302 natu·

189 4315 755 4450 titilllwltltltlttt'tultlt
786 4317 1348 4450 litut‘tltttdtss‘uftlffititltt

784 4450 863 4500 titiam
886 4447 1064 4516 exprimendam
1087 4455 1205 4514 spectant.
1227 4445 1252 4493 in
1283 4445 1349 4494 niess

361 4511 517 4562 CARMEN
535 4513 583 4562 xl.
785 4515 897 4576 finxisse;
915 4513 1021 4579 prolecto
1035 4528 1073 4570 es,
1084 4529 1140 4586 quse
1153 4511 1249 4560 tribusn
1266 4517 1349 4558 esunt

225 4573 365 4640 Phyllidem
373 4577 403 4626 ad
414 4577 478 4626 diem
490 4578 575 4628 festum
588 4578 614 4626 in
624 4576 694 4628 domo
703 4595 756 4638 sua,
789 4589 866 4648 poete
877 4579 983 4643 ingenio,
994 4577 1060 4626 haud
1071 4577 1158 4625 tribuet
1171 4575 1225 4640 ejus
1236 4572 1350 4648 moritus.

189 4647 241 4687 tam
258 4640 333 4690 saeris
349 4641 439 4707 epulis,
449 4657 523 4718 quem
540 4642 609 4692 hilari
626 4643 756 4709 potatione,
824 4645 912 4693 1-12.
930 4645 1026 4698 Albani,
1043 4643 1069 4690 in
1084 4641 1147 4690 vinis
1164 4638 1351 4704 genuosionbus

191 4719 279 4753 secum
290 4705 450 4771 perurgendum
462 4705 556 4756 mrim.
589 4709 651 4766 Qute
661 4707 756 4774 quidem
790 4709 872 4758 heberi
893 4707 985 4756 solebat
1004 4709 1084 4755 vinum
1104 4706 1228 4761 Albanum,
1247 4703 1273 4752 iu
1295 4717 1351 4768 egro
