3659 5892
420 474 485 537 ees
785 428 788 433 ’
833 459 1160 531 snrrnnnuu

508 623 698 689 Reticulum
713 618 807 707 panis
822 616 952 683 venales
967 616 1053 679 inter
1066 624 1184 679 onusto

508 726 609 791 Forte
624 724 723 790 vehas
738 723 886 797 humero,
899 717 1003 783 nihilo
1016 716 1091 801 plus
1106 716 1259 802 accipias,
1277 737 1374 800 quam

509 828 579 902 Qui
593 828 639 892 nil
653 826 801 911 portarit.
847 821 913 889 Vel
928 822 993 898 dic,
1008 820 1089 904 quid
1103 817 1223 884 referat
1238 819 1324 883 intra

446 932 488 997 50
509 917 649 995 Naturae
664 929 747 995 fines
761 926 893 1001 viventi,
905 925 1025 1009 jugera
1040 932 1171 988 centum
1184 944 1228 985 en

509 1032 603 1097 Mille
618 1034 710 1115 eret?
755 1029 804 1095 At
819 1050 916 1093 suave
932 1036 994 1103 est,
1010 1048 1053 1089 ex
1067 1046 1184 1108 magno
1199 1022 1313 1088 tollere
1327 1044 1455 1088 acervo.

509 1136 601 1201 Dum
615 1157 658 1200 ex
672 1154 773 1220 parvo
788 1131 883 1195 nobis
899 1129 1102 1193 tantumdem
1115 1125 1248 1191 haurire
1262 1125 1438 1209 relinquas,

511 1238 581 1303 Cur
596 1248 653 1301 tue
667 1236 741 1321 plus
756 1233 870 1299 laudes
885 1231 1025 1297 cumeris
1039 1229 1191 1313 granaria
1204 1229 1347 1293 nostris?

512 1340 563 1404 Ut
575 1340 636 1405 tibi
652 1339 737 1403 si‘sit
752 1358 835 1421 opus
850 1334 967 1419 liquidi
981 1354 1048 1398 nou
1061 1330 1200 1415 amplius
1214 1353 1308 1408 urna,

448 1443 491 1507 55
511 1441 578 1508 Vel
592 1440 722 1527 cyatho,
738 1449 772 1505 et
786 1438 889 1514 dicas,
905 1435 1030 1520 Magno
1045 1435 1087 1499 de
1102 1434 1233 1499 flumine
1248 1432 1366 1510 malim,

514 1546 623 1620 Quam
637 1565 680 1608 ex
694 1542 758 1609 hoc
773 1538 942 1616 fonticulo,
957 1536 1159 1604 tantumdem
1174 1556 1311 1600 sumere.
1357 1535 1411 1600 Eo
1425 1534 1475 1612 fit,

512 1646 645 1713 Plenior
660 1656 698 1710 ut
713 1646 740 1709 si
755 1665 837 1727 quos
853 1640 995 1707 delectet
1010 1640 1105 1724 copia
1114 1638 1218 1723 justo,
1325 1710 1328 1715 ,

514 1750 599 1814 Cum
613 1748 685 1833 ripa
701 1745 795 1811 simul
810 1743 940 1808 avulsos
955 1740 1039 1807 ferat
1053 1739 1199 1805 Aufidus
1213 1761 1305 1805 acer:

514 1850 564 1916 At
578 1850 634 1934 qui
650 1848 767 1913 tantuli
782 1858 868 1931 eget,
885 1855 1008 1930 quanto
1023 1853 1074 1907 est
1089 1865 1183 1927 opus,
1198 1843 1227 1907 ie
1241 1864 1348 1926 neque
1360 1841 1437 1906 limo

450 1952 494 2021 60
514 1952 698 2017 Turbatam
711 1950 822 2015 haurit
837 1968 965 2032 aquam,
978 1968 1085 2030 neque
1100 1946 1198 2009 vitem
1212 1944 1331 2008 emittit
1344 1945 1379 2009 in
1392 1944 1499 2009 undis.

515 2054 666 2120 Athona
681 2074 756 2139 pars
771 2052 949 2126 hominum,
966 2049 1107 2131 decepte
1120 2047 1274 2132 cupidine
1289 2045 1383 2123 falso,

513 2156 574 2222 Nil
590 2158 669 2221 satis
685 2167 746 2233 est,
760 2154 883 2238 inquit3
907 2152 985 2235 quie
999 2150 1093 2226 tanti,
1109 2160 1267 2232 quantum
1280 2147 1416 2226 habeas,
1433 2150 1488 2214 sis.

516 2259 608 2333 Quid
624 2244 725 2322 facias
740 2256 807 2321 illi?
827 2256 946 2340 jubeas
961 2251 1115 2315 miserum
1128 2273 1213 2328 esse,
1228 2250 1368 2317 libenter

516 2361 689 2435 Quatenus
704 2360 740 2424 id
755 2358 850 2437 faeit3
873 2366 910 2422 ut
925 2354 1058 2439 quidam
1072 2364 1268 2419 memoratur
1281 2351 1424 2418 Athenis

450 2464 493 2527 65
516 2462 679 2527 Sordidus
695 2482 733 2527 ac
749 2461 839 2525 dives
856 2457 969 2544 populi
984 2466 1190 2521 contemnere
1205 2476 1302 2521 voces

428 2599 524 2646 rubente
540 2611 589 2645 non
602 2594 634 2644 ed
644 2605 712 2651 uerte,
728 2594 770 2644 sed
781 2593 812 2643 ad
830 2596 912 2643 instita
928 2591 989 2642 refe·
1021 2593 1108 2639 uiuenti
1118 2591 1271 2640 mutarentin
1280 2593 1386 2641 eimntie.
1402 2590 1524 2656 Equidem
1532 2605 1583 2639 ma·

430 2662 504 2711 rende
523 2668 574 2721 eet;
597 2670 622 2709 et
641 2658 675 2707 sie
695 2662 751 2707 euri
768 2661 858 2722 pondru
878 2658 990 2725 desertum
1022 2654 1074 2711 lim,
1095 2654 1135 2703 Vel
1152 2658 1199 2714 die,
1219 2659 1276 2720 quid
1290 2655 1387 2722 reseret,
1405 2658 1471 2703 intre
1485 2655 1585 2703 Nature

430 2729 540 2788 deponere
559 2724 613 2780 erit,
634 2723 754 2773 delossum
779 2738 900 2797 reponere,
920 2736 989 2787 aepo-
1014 2720 1078 2783 finer
1094 2723 1170 2768 nivern
1186 2738 1242 2769 num
1252 2725 1344 2784 jugeru
1361 2730 1452 2769 eentum
1468 2737 1500 2767 nn
1516 2720 1585 2768 Mille

432 2806 495 2846 nere.
516 2788 652 2845 recondere,
670 2788 709 2837 rel
727 2788 867 2853 simpliciter
884 2802 936 2851 pro,
951 2788 990 2833 de·
1022 2786 1089 2831 eret?
1107 2784 1146 2833 vel
1159 2783 1208 2841 dic,
1227 2785 1288 2851 quid
1304 2784 1386 2851 prosit,
1403 2800 1460 2832 num
1478 2792 1585 2840 centum,

424 2854 518 2929 fodere.
559 2854 683 2928 fluidum,
704 2851 881 2927 accommodate
901 2851 932 2899 ad
951 2850 989 2900 in·
1023 2864 1054 2921 an
1072 2847 1139 2898 mille
1156 2849 1243 2914 jugera
1263 2858 1314 2925 aret
1332 2849 1397 2898 intra
1415 2858 1507 2897 nature
1525 2849 1587 2898 fines

432 2917 732 3038 geihunzpnfflffi.
744 2982 789 3031 hoc
805 2980 883 3046 juvat,
894 2978 992 3044 quiuei
1022 2913 1327 3037 ldlffndud-icdludrinld
1336 2931 1393 3027 ddi?
1401 2922 1587 3036 iidilrddlzodir:

432 3050 579 3102 comminuor,
601 3054 658 3095 cett.
675 3062 761 3095 aurum
781 3046 953 3101 comminuitur,
972 3042 992 3091 ei
1015 3042 1168 3106 suriel-an
1191 3044 1271 3091 ludia?
1303 3043 1413 3092 Fortasse
1427 3046 1512 3098 uiuent,
1530 3059 1587 3092 cum

433 3126 503 3160 usum
512 3126 542 3159 er
550 3126 579 3159 eo
590 3110 680 3176 capiar,
689 3121 715 3160 et
722 3127 752 3160 ex
763 3125 820 3160 euro
830 3109 924 3159 defosso
934 3123 993 3156 urus
1025 3114 1079 3172 post
1094 3106 1157 3155 banc
1172 3123 1255 3157 vocem
1272 3108 1401 3158 excidisset
1417 3124 1483 3163 nun,
1495 3108 1526 3155 ab
1542 3106 1586 3155 lro·

433 3176 592 3241 capinequit.
625 3175 992 3237 Quidhebetputrlrtconnnre·
1024 3170 1090 3220 mine
1111 3170 1193 3236 aliquo
1211 3172 1293 3221 latine
1313 3173 1402 3235 lingue
1421 3171 1539 3247 imperito,
1559 3181 1588 3221 ut

433 3250 471 3288 tur
489 3240 600 3288 armeus?
622 3239 744 3289 simillime
757 3238 879 3287 Theocrit.
891 3236 940 3293 xvi,
952 3238 994 3294 22,
1026 3244 1101 3284 metro
1112 3246 1268 3295 succurreret,
1280 3245 1398 3285 mentum
1408 3239 1587 3286 eetmvieenti.

433 3303 569 3370 Δαιμόνιοι,
588 3302 612 3352 τί
629 3302 652 3352 di
672 3304 755 3371 κέρδος
773 3302 787 3352 ὁ
806 3302 892 3368 μύρως
913 3300 995 3351 ἔνδοθι
1059 3302 1101 3349 52.
1119 3301 1270 3350 Tantundem
1294 3302 1397 3357 deumne,
1418 3300 1511 3358 tollere,
1532 3316 1587 3366 pre·

432 3371 527 3434 χρυσὸς
539 3368 583 3418 Ku'
615 3385 673 3427 νοω
1027 3379 1100 3414 mere.

466 3436 506 3489 45,
519 3432 572 3481 ⁴16:
606 3431 798 3545 illioosrumenti,
814 3438 871 3480 cett.
885 3430 996 3495 quamvis
1059 3430 1101 3479 53.
1119 3429 1231 3477 Cunurir.
1263 3429 1588 3479 Schelllceeenmndi·

433 3508 531 3547 centum
539 3496 650 3546 millium
684 3496 760 3545 iorum
767 3495 880 3545 immenti
890 3502 997 3544 terantur
1027 3495 1234 3557 eimuroere'ngene
1241 3497 1374 3552 vimineum,
1383 3497 1408 3541 in
1415 3512 1460 3559 qne
1462 3495 1589 3559 sumente

433 3561 683 3617 inuectua,obhoc
694 3560 996 3624 temen(obhenctamen
1028 3560 1169 3606 conduntur.
1200 3558 1460 3624 SieipsealitiOEpin.
1469 3558 1486 3615 i,
1496 3560 1521 3616 7,
1531 3560 1588 3621 ³0).

434 3626 540 3692 copiam)
550 3642 599 3675 nou
610 3626 665 3692 plus
671 3634 753 3675 venter
762 3632 825 3683 tuus,
833 3641 906 3689 quam
919 3638 994 3682 meus,
1027 3623 1079 3670 Siue
1092 3639 1188 3671 rumore
1202 3626 1316 3672 dicentur
1329 3641 1384 3673 veru
1390 3626 1491 3688 fictitio,
1501 3626 1589 3673 similia

434 3690 527 3756 capiet:
536 3691 663 3756 frumento
678 3685 733 3755 quei
745 3690 880 3738 terebantur
892 3689 918 3736 in
929 3703 993 3746 area,
1026 3688 1104 3743 deltis,
1125 3690 1167 3735 ubi
1181 3687 1333 3752 frumentum
1359 3704 1427 3737 mum
1451 3690 1589 3751 reponebant

433 3754 459 3803 h.
472 3770 494 3804 e.
507 3755 533 3803 in
549 3770 605 3819 agro
621 3755 664 3804 ubi
678 3752 830 3803 adterendae
844 3754 925 3816 fruges
940 3767 995 3801 area
1025 3754 1142 3813 agricole.
1188 3752 1265 3800 Tertio
1285 3770 1379 3801 eumere
1399 3756 1511 3801 dimntur
1534 3770 1590 3801 uere

434 3818 498 3868 lacta
516 3828 561 3876 eet,
580 3819 613 3869 ci.
628 3836 656 3869 su
676 3852 682 3867 .
699 3819 729 3867 ed
747 3819 796 3868 Od.
815 3819 832 3877 i,
851 3820 873 3874 l,
892 3817 995 3881 rujam
1026 3818 1125 3873 minero,
1137 3833 1186 3879 pue
1202 3820 1300 3879 capiunt
1314 3820 1415 3881 quinque
1430 3820 1477 3865 siue
1491 3834 1527 3865 sea
1541 3835 1589 3864 mo·

433 3885 484 3945 ipse
500 3901 555 3933 ereo
568 3894 640 3932 terere
650 3837 755 3933 dicitur:
773 3882 866 3931 Tibull.
881 3883 899 3938 i,
910 3885 936 3937 5,
952 3883 994 3937 22,
1027 3882 1085 3937 dior,
1099 3898 1148 3944 pue
1166 3882 1250 3945 lingue
1268 3883 1407 3931 Sebirrorem
1422 3884 1535 3931 trimodie
1551 3884 1589 3930 di·

434 3948 562 3996 Arcadum
574 3964 651 3996 meuee
667 3950 711 3995 rote
726 3948 814 3997 colente
827 3956 901 4004 terem
927 3946 997 4009 Virg.
1028 3954 1125 3994 cuntur.
1159 3944 1278 3994 &enoria
1287 3945 1343 4007 (ubi
1353 3959 1427 4011 grana
1435 3946 1529 4009 frugum
1539 3962 1589 3995 ser·

436 4012 499 4061 Geo.
516 4011 533 4070 i,
554 4012 610 4067 192,
634 4012 792 4076 Nequaquam
810 4016 909 4075 pingues
928 4012 998 4073 putea
1028 4009 1139 4073 vantur),
1157 4025 1210 4066 nos,
1227 4010 1418 4068 Fracte-Rem,
1432 4011 1590 4060 fructur-lle-

436 4086 493 4124 teret
504 4093 560 4125 eree
574 4077 667 4125 culmos.
701 4076 751 4124 llos
762 4091 812 4140 pro,
824 4078 855 4124 ob
867 4075 922 4133 hoc,
934 4074 997 4130 ideo,
1027 4077 1119 4136 garine.

434 4138 618 4253 trinu
635 4141 852 4254 tumut-
869 4140 998 4253 utu
1031 4138 1220 4253 ruunt
1236 4138 1362 4254 <suu
1375 4138 1459 4253 ur>
1476 4148 1592 4253 uu?

434 4240 521 4330 eser}
537 4239 562 4326 ό,
575 4240 619 4317 u'
709 4240 715 4261 '
749 4240 756 4261 '
800 4241 808 4267 ’
843 4239 850 4261 ’
1031 4220 1482 4331 n02,1m0;.1<’ag‚'nmt.rm²‡¹.

467 4334 508 4383 47.
526 4332 668 4390 Retieutun,
688 4332 793 4382 mantice
812 4330 861 4380 sive
883 4347 948 4398 pera,
967 4348 998 4382 ex
1063 4334 1104 4381 55.
1117 4332 1214 4396 Cyntho,
1218 4332 1270 4398 jam
1278 4333 1482 4398 derereequario
1490 4332 1590 4390 minore,

436 4397 479 4448 reti
490 4406 610 4447 contexta.
1029 4412 1082 4454 nos,
1099 4396 1195 4453 Becher,
1207 4399 1278 4446 the:
1300 4398 1322 4447 ei
1336 4407 1429 4463 spectes
1446 4413 1590 4454 mensuram,

467 4463 509 4512 50.
529 4462 628 4511 Viventi.
662 4459 711 4510 Vix
728 4461 805 4518 loeus,
833 4468 883 4517 uto,
896 4460 997 4510 idoneus
1029 4478 1091 4509 urna
1108 4461 1247 4511 continebat
1260 4471 1363 4527 quatuor
1378 4462 1486 4526 congios.
1496 4466 1592 4527 congius

434 4544 464 4602 er
478 4526 598 4639 pompe
621 4525 779 4639 altiqao,bqui
831 4524 909 4636 omli·
926 4534 997 4638 etate}
1029 4526 1471 4640 aeffiioliroedmsmdoeim
1480 4528 1583 4641 morlog

435 4608 504 4648 vrxr,
586 4608 593 4639 ι
620 4606 634 4639 o
660 4605 792 4647 r,urrm
824 4605 877 4637 reon
904 4606 937 4636 rr
960 4607 987 4637 er
1160 4626 1167 4639 .
1255 4602 1363 4648 ouante
1428 4606 1591 4640 esmacan.

433 4656 532 4722 junctus
549 4654 580 4703 sit
613 4652 699 4704 uivus.
733 4605 838 4704 eredit
855 4653 937 4717 igitur,
954 4654 997 4718 qui
1031 4655 1278 4719 unumunurm:
1291 4590 1592 4722 hincfitdiiliimuiparro
