3659 5892
479 450 543 513 438
854 442 1251 510 EPISTULARUM

499 600 542 665 85
564 596 762 665 Festinantis
776 596 865 674 heri;
890 597 943 660 cui
959 598 987 659 si
1002 596 1118 661 vitiosa
1131 596 1236 661 libido

563 702 693 767 Fecerit
708 698 898 783 auspicium,
916 720 988 763 cras
1003 696 1201 762 ferramenta
1213 696 1364 763 Teanum

564 802 715 879 Tolletis,
730 799 825 865 labri.
872 800 997 865 Lectus
1012 799 1147 884 genialis
1162 800 1197 861 in
1211 798 1286 862 aula
1301 810 1372 863 est:

564 904 623 968 Nil
638 905 683 967 ait
696 924 769 968 esse
784 903 887 987 prius,
902 899 1017 965 melius
1032 900 1079 965 nil
1092 900 1207 965 caelibe
1222 900 1306 977 vita:

564 1005 600 1070 Si
616 1028 680 1070 non
695 1015 756 1083 est,
767 1005 858 1090 jurat
871 1006 957 1068 bene
972 1002 1049 1067 solis
1062 1024 1135 1067 esse
1148 1002 1284 1065 maritis.

499 1106 543 1170 90
565 1108 642 1181 Quo
657 1118 784 1173 teneam
799 1105 906 1170 vultus
920 1114 1098 1170 mutantem
1110 1103 1233 1168 Protea
1246 1102 1358 1166 nodol

565 1210 656 1282 Quid
671 1211 819 1294 pauperi
842 1207 935 1271 ride:
957 1216 1062 1270 mutat
1076 1203 1255 1281 coenacula,
1270 1202 1385 1279 lectos,

565 1308 699 1389 Balnea,
715 1321 880 1375 tonsores:
903 1308 1067 1373 conducto
1082 1306 1211 1391 navigio
1224 1327 1319 1389 :eque

564 1411 715 1476 Nauseat
729 1433 767 1475 ac
780 1408 938 1494 locuples,
954 1430 1052 1494 quem
1066 1408 1158 1473 ducit
1173 1408 1264 1491 priva
1279 1407 1431 1471 triremis.

565 1514 602 1577 Si
617 1524 748 1578 curatus
764 1510 915 1595 inaequali
930 1520 1063 1577 tonsore
1077 1508 1212 1594 capillos

499 1614 543 1677 95
566 1614 726 1692 Occurro,
743 1614 848 1679 rides:
874 1613 901 1676 ei
916 1611 1001 1676 forte
1017 1610 1177 1675 subucula
1191 1632 1286 1695 perrae

567 1715 663 1781 Trita
679 1715 792 1782 subest
806 1716 936 1804 tunicae,
951 1711 1003 1777 vel
1017 1714 1045 1776 si
1060 1710 1137 1800 toga
1152 1711 1291 1776 dissidet
1305 1712 1423 1795 imper}

479 1920 596 2034 papentqr
625 1922 752 1987 transigere
781 1928 881 1987 possum
911 1919 1039 1985 probantes
1070 1914 1627 2031 affilimmzl'ssielffigffissmm

480 2000 509 2035 ea
526 1999 580 2034 em.
1085 1997 1128 2030 ua
1277 2015 1285 2036 ,
1524 2016 1531 2030 .

511 2049 617 2099 33-37.
647 2050 734 2097 Nullus
760 2052 786 2097 iu
812 2050 864 2096 orla
884 2050 957 2103 uuus,
980 2054 1037 2096 cett.
1102 2048 1144 2095 90.
1248 2054 1345 2101 umus,
1367 2052 1426 2092 cett.
1456 2060 1504 2108 quo
1531 2045 1627 2097 vincum

478 2112 592 2162 Horatius
601 2112 653 2187 jam
670 2113 780 2178 exempla
797 2111 900 2162 levitatis
917 2119 942 2160 et
957 2118 1036 2160 muts-
1068 2108 1175 2167 divitem,
1188 2109 1283 2163 formas.
1295 2123 1356 2172 quas
1365 2106 1454 2161 induit,
1465 2110 1547 2159 Protei
1556 2110 1627 2160 instar

478 2176 534 2225 bilis
545 2178 668 2225 hommum
685 2178 758 2226 animi
771 2176 848 2226 affert.
881 2178 986 2225 Sensus:
1004 2174 1036 2223 si-
1068 2182 1210 2229 mutantcm,
1235 2172 1391 2221 consuictum
1424 2177 1536 2223 urunt
1562 2176 1587 2224 b.
1604 2192 1627 2227 e.

478 2241 558 2289 mulae
573 2242 643 2290 homo
655 2241 742 2307 aliquis
756 2240 824 2289 dives
835 2240 904 2295 dixit,
918 2237 1038 2287 “Nullus
1070 2237 1188 2303 quomodo
1209 2250 1359 2301 compescam
1386 2236 1528 2287 mutabilem
1548 2239 1627 2289 divitis

478 2304 503 2351 in
515 2311 564 2353 toto
577 2314 689 2354 terrarum
705 2306 761 2355 orbe
772 2304 839 2353 sinus
854 2304 924 2351 Baiis
935 2302 1037 2351 arumnis
1070 2302 1194 2351 auimumt
1218 2302 1278 2411 sup.
1288 2302 1340 2373 Sat.
1349 2298 1377 2353 ii,
1389 2301 1415 2358 3,
1424 2301 1465 2357 71,
1476 2303 1556 2351 malus
1563 2304 1626 2353 deu.

477 2368 601 2431 pulchrius
611 2368 811 2434 exspleudescit,''
827 2366 907 2416 statim
919 2366 962 2415 ille
973 2381 1038 2415 amo·
1070 2374 1107 2414 tor
1116 2368 1162 2414 sub
1173 2364 1246 2414 variis
1265 2380 1345 2420 ermis,
1356 2362 1382 2411 h.
1391 2378 1415 2412 e.
1423 2365 1519 2416 callidis
1529 2368 1626 2428 artibus,

479 2448 536 2490 rem,
548 2449 596 2495 quo
609 2434 723 2482 Baiarum
741 2432 880 2483 amoenitate
896 2440 981 2495 captus
992 2438 1038 2489 est,
1070 2430 1211 2479 creditorem
1227 2429 1337 2485 eludens,
1355 2428 1454 2478 Proteus
1469 2440 1578 2487 vocatur,
1587 2434 1626 2485 uli

478 2496 583 2545 declarat
592 2497 751 2553 festinatione,
763 2512 812 2561 qus
820 2496 872 2560 jtmr
883 2495 981 2559 (lorus)
993 2494 1037 2542 do·
1069 2494 1119 2542 sid.
1139 2503 1239 2545 notata:
1256 2492 1289 2543 cl.
1307 2507 1404 2556 quoque
1414 2493 1444 2543 de
1455 2494 1538 2545 tabula
1550 2494 1628 2546 Protei

477 2560 557 2609 minus
567 2573 591 2609 et
601 2561 691 2609 locator
702 2561 727 2609 in
739 2560 816 2609 littore
827 2559 924 2608 domum
936 2558 961 2605 in
973 2573 1038 2608 mara
1071 2558 1142 2621 virg.
1162 2560 1225 2609 Geo.
1243 2557 1275 2614 iv,
1290 2558 1338 2605 337
1381 2573 1407 2621 q.
1422 2566 1447 2606 et
1458 2574 1513 2623 que
1531 2560 1567 2609 ibi
1579 2560 1626 2610 :lis-

477 2622 1035 2687 procurrentemlundareeterstnrereincipit3
1069 2631 1140 2686 putat
1154 2622 1273 2688 Heyuius.
1307 2572 1384 2685 Apll
1396 2621 1500 2686 Virga·
1514 2626 1564 2674 396
1579 2626 1626 2700 Cy-

478 2698 502 2735 at
519 2689 539 2735 si
557 2690 600 2737 hoc
620 2690 768 2754 repentinum
779 2687 906 2736 consilium
918 2694 996 2734 onum
1007 2686 1038 2736 sit
1069 2702 1126 2736 rene
1133 2686 1209 2736 filium
1222 2701 1293 2735 suum
1303 2685 1435 2733 Aristaeum
1443 2686 1575 2752 alloquitur
1585 2706 1625 2747 uc,

477 2768 506 2799 ex
517 2753 568 2800 sola
578 2752 687 2809 libidine,
697 2753 737 2801 cui
745 2750 946 2801 inconsideranter
957 2749 1037 2800 indul·
1071 2750 1117 2799 Hic
1127 2754 1179 2809 tibi,
1190 2760 1254 2807 note,
1264 2752 1330 2813 prius
1346 2750 1429 2797 vinclis
1445 2755 1570 2812 cupiendus
1579 2754 1626 2817 (se.

477 2818 555 2877 gebat,
574 2827 625 2865 tum
643 2825 736 2865 mutato
757 2816 856 2865 consilio
877 2814 925 2862 'am
975 2823 1038 2864 atero
1070 2816 1197 2877 Proteus),
1215 2823 1240 2864 et
1256 2831 1280 2862 v.
1297 2814 1355 2867 405,
1370 2813 1462 2870 Votum,
1480 2817 1522 2863 sbi
1538 2834 1626 2880 eonsp-

477 2880 516 2929 die
528 2880 622 2930 fabrilia
633 2881 791 2929 instrumenta
803 2880 841 2991 Sin
856 2880 930 2927 aium
942 2829 1035 2942 litium
1069 2888 1118 2927 tum
1136 2882 1240 2927 monibus
1255 2880 1381 2939 vinclisque
1392 2881 1492 2927 teratu:
1509 2879 1626 2945 hmigi.

476 2944 585 2993 Teanum
601 2945 643 3009 (ut
660 2944 693 2993 ibi
713 2945 791 3011 potius
821 2959 902 2991 omum
921 2942 1036 3005 edificet)
1068 2950 1108 2991 tur
1117 2942 1372 3006 uuutamdeeyrene
1381 2948 1406 2989 et
1418 2942 1530 3001 Aristeu,
1543 2946 1571 2993 nt
1577 2946 1626 3009 jam

476 3008 629 3073 transportari
644 3010 746 3074 jubebit.
781 3008 837 3056 Huc
885 3006 1038 3057 rtinetlocus
1070 3007 1205 3056 observavit
1226 3008 1359 3062 Gesnerus,
1382 3007 1515 3072 respexisse
1537 3008 1627 3059 videtur

476 3087 530 3137 sup.
548 3072 596 3122 Od.
615 3072 641 3129 ii,
664 3076 703 3127 le,
722 3074 751 3122 19
769 3088 822 3136 sqq.
861 3074 982 3119 u-struis
997 3074 1037 3119 do·
1068 3070 1193 3120 Horatius.

475 3153 529 3194 mos,
559 3138 677 3201 lllutisqus
704 3137 769 3185 Boiis
795 3138 941 3197 obstrepentis
968 3151 1038 3199 urges
1100 3136 1142 3183 91.
1166 3135 1231 3188 Quid
1248 3136 1353 3194 paupert
1377 3136 1444 3182 ride:
1469 3143 1527 3184 cett.
1560 3138 1625 3195 Quo·

476 3200 608 3249 Sulowuera
626 3204 715 3257 littora,
737 3202 826 3249 Parum
848 3201 947 3260 locuples
963 3203 1037 3247 couti·
1068 3197 1139 3246 modo
1149 3207 1229 3247 autem
1239 3197 1451 3262 segeritpauperl
1467 3199 1517 3251 ride
1525 3216 1626 3261 mecum,

475 3276 543 3315 utute
566 3268 635 3327 tipo:
657 3273 681 3315 et
700 3265 748 3314 Od.
766 3265 801 3322 iii,
818 3264 835 3320 i,
854 3264 886 3311 34
903 3278 958 3327 sqq.
977 3263 1036 3311 Cou-
1069 3263 1209 3322 Maecenas:
1235 3276 1327 3327 pauper
1347 3261 1413 3311 enirn
1435 3262 1538 3313 ridiculo
1559 3267 1627 3315 modo

476 3336 730 3395 :⁹
747 3328 1035 3440 ...lt
1069 3324 1528 3438 ...a

475 3394 894 3522 miiitlwrldlisioruitdltqfamutu,
917 3458 1034 3503 domiuus·
1068 3455 1143 3516 ὥον),
1154 3454 1261 3520 superior
1276 3426 1363 3502 adium
1382 3469 1439 3567 pars
1456 3399 1628 3524 (galgalo

474 3539 517 3583 qus
545 3534 612 3571 terroe
640 3524 791 3571 Fastidiosus.
836 3519 901 3567 Boiis
925 3521 1035 3580 molucet
1068 3520 1092 3566 iu
1111 3522 1182 3567 eitum
1203 3518 1307 3577 Haase),
1323 3519 1363 3566 ubi
1399 3518 1526 3569 abitabant
1545 3538 1626 3571 coens·

474 3587 725 3643 amuuu,amoenitata
742 3582 923 3650 anteponendus
934 3584 1032 3631 estBa-
1065 3582 1172 3647 bantque
1193 3581 1305 3647 inquilini
1334 3582 1385 3632 sive
1412 3598 1546 3649 pauperes:
1573 3587 1627 3636 Liv.

475 3649 514 3697 iis.
1066 3647 1147 3704 xxxix,
1162 3647 1200 3701 lt,
1214 3646 1364 3695 Cuuoculuus
1380 3664 1449 3708 super
1463 3650 1521 3697 ardes
1536 3662 1569 3698 stt
1583 3654 1625 3699 ds·

508 3716 549 3763 at.
566 3716 678 3773 Amorem,
691 3714 805 3778 injectam
821 3708 899 3759 subito
913 3726 945 3758 cu
961 3709 1033 3758 idita·
1066 3718 1115 3757 tum
1124 3728 1133 3767 ς
1156 3710 1241 3761 Cicero
1253 3712 1314 3773 Agr.
1324 3710 1351 3768 ii,
1363 3714 1404 3767 35,
1417 3712 1489 3759 Rom
1504 3718 1626 3764 maelis

475 3785 522 3826 tern
533 3778 669 3828 exstruendi
688 3777 790 3827 amoenis
808 3774 877 3823 Baiis
895 3726 1033 3823 aedidcium.
1064 3790 1172 3837 suspenso
1186 3785 1212 3823 ot
1227 3790 1256 3847 ue
1270 3776 1372 3824 sublato.
1407 3776 1529 3841 Pauperes
1545 3777 1625 3841 igitur,

475 3844 545 3890 Amor
561 3842 699 3908 simpliciter
719 3856 766 3890 uon
786 3855 838 3889 raro
856 3854 918 3895 earn,
936 3838 966 3887 de
986 3852 1036 3902 qua
1068 3854 1137 3903 aque
1154 3848 1221 3886 muta
1237 3838 1281 3887 iles
1298 3852 1327 3887 ac
1343 3839 1626 3896 cinamomum-

474 3921 549 3954 sermo
564 3915 608 3962 est,
621 3906 774 3971 cupiditatem
786 3904 910 3968 desigant3
928 3902 964 3951 sic
980 3918 1035 3967 sup.
1067 3906 1129 3960 culo,
1149 3902 1219 3951 modo
1240 3902 1285 3951 hoc
1302 3903 1374 3951 modo
1392 3903 1454 3952 illud
1471 3905 1624 3957 conducunt:

475 3970 552 4034 Epod.
575 3974 599 4029 2,
627 3972 667 4027 37,
695 3972 753 4025 Quis
770 3986 815 4017 uon
835 3968 959 4023 moturum,
979 3984 1035 4029 quos
1067 3965 1115 4015 vid.
1135 3966 1207 4015 Varr.
1222 3966 1252 4015 de
1270 3968 1302 4014 L.
1321 3968 1352 4016 1..
1370 3968 1402 4025 iv,
1420 3984 1446 4033 p.
1463 3969 1505 4019 ot.
1539 3971 1625 4028 bosus,

473 4052 536 4082 umor
551 4052 618 4083 curos
637 4036 711 4092 habet,
733 4034 787 4082 lieo
802 4035 864 4081 iuter
879 4033 1035 4080 obliviscitur:
1067 4030 1155 4094 quibus
1170 4029 1336 4079 discumbitur.

474 4097 506 4146 cl.
520 4098 597 4164 Epist.
609 4114 646 4163 sq.
658 4100 698 4147 37.
1099 4096 1141 4150 92,
1152 4096 1194 4143 93.
1213 4094 1310 4151 Bolum,
1328 4094 1436 4158 intellige
1454 4097 1562 4160 publica,
1573 4099 1625 4164 qui-

506 4164 547 4211 36.
560 4162 670 4218 Teanum,
679 4161 822 4216 Sidleinum‚
831 4158 946 4225 oppidum
958 4160 1031 4208 Cam·
1064 4158 1111 4206 bus
1129 4159 1258 4208 utebantur
1273 4174 1405 4223 pauperes:
1423 4175 1479 4208 nam
1498 4160 1585 4211 divites
1601 4164 1626 4212 ia

473 4227 561 4291 pasin,
585 4242 633 4275 nou
655 4224 849 4276 confundendum
865 4238 921 4271 cum
940 4224 1031 4282 Teano,
1064 4222 1115 4270 anis
1128 4222 1169 4287 qn'
1200 4239 1230 4273 ue
1245 4222 1357 4272 domibus
1374 4232 1495 4273 exstructa
1505 4226 1627 4276 habebant

473 4292 560 4357 oppido
573 4290 678 4357 Apulie.
1064 4286 1160 4335 balnea.
1206 4302 1307 4336 onsom:
1325 4302 1380 4335 cum
1391 4288 1623 4366 pluresint'orupa-

506 4357 547 4405 8⁷.
560 4357 642 4405 lectus
668 4356 749 4403 suiolis
760 4356 785 4406 iu
796 4353 853 4401 outo
863 4361 909 4399 est:
920 4350 942 4399 si
954 4352 1032 4400 lectus
1064 4358 1141 4399 terent
1151 4351 1274 4399 tonstrina:
1280 4350 1373 4400 tonderi
1380 4352 1543 4417 cupientibus,
1554 4356 1625 4405 alsam

473 4422 606 4486 conjugalis
626 4373 757 4469 collocatus
779 4426 815 4466 est
840 4415 866 4464 in
888 4416 961 4475 atrio;
989 4432 1032 4481 pro
1065 4430 1121 4463 cura
1132 4415 1182 4464 alia
1192 4414 1228 4463 illi
1239 4432 1281 4480 pro
1299 4415 1378 4465 lubitu
1396 4426 1490 4466 mutare
1508 4428 1625 4485 poteram.

472 4486 574 4549 vulgari,
592 4485 612 4533 si
627 4484 681 4550 quis
695 4492 732 4533 est
746 4481 853 4531 maritus.
893 4480 976 4529 Lectus
988 4497 1029 4543 ge·
1066 4479 1623 4557 Conductonooigioequcll'ouseotaotoouples,

473 4554 543 4599 ululis
563 4548 685 4615 (Festus),
704 4550 744 4611 qui
765 4547 853 4607 :ruptiis
871 4548 986 4593 sternitur
1004 4549 1030 4594 iu
1064 4560 1154 4609 pauper
1171 4561 1239 4609 eque
1258 4559 1287 4593 ac
1304 4545 1360 4593 locu
1378 4544 1422 4603 les,
1440 4561 1526 4603 rerum,
1538 4549 1624 4612 quibus

473 4616 576 4664 iorrmm
587 4614 665 4669 Genii,
678 4616 739 4662 :tude
751 4610 891 4674 appellatur.
1064 4608 1147 4666 utitur,
1168 4608 1277 4678 oppletur
1298 4562 1393 4659 lastido
1401 4629 1408 4673 ;
1426 4610 1625 4675 quemadmodum
