3659 5892
475 546 541 611 aas
580 578 583 583 -
892 541 1218 627 sarlatium

561 696 609 763 Et
622 698 746 784 lapathi
760 697 868 763 brevis
884 697 998 775 herba,
1015 698 1075 763 sed
1090 697 1165 763 albo
1179 719 1245 762 uon
1260 698 1330 763 aine
1345 696 1426 762 Coo.

495 800 539 865 30
561 800 706 866 Lubrica
720 810 890 866 nascentes
904 800 1040 886 implent
1054 799 1224 883 conchylia
1237 799 1341 879 lunae3

561 902 630 967 Sed
645 925 709 967 non
725 924 818 967 omne
832 924 922 966 mare
936 911 987 967 est
1002 924 1173 987 generosae
1187 902 1294 968 fertile
1308 913 1413 968 teatoe.

559 1003 689 1069 Murice
706 1001 831 1068 Baiano
845 1003 959 1068 melior
974 1003 1118 1068 Lucrina
1133 1003 1270 1088 peloris:

559 1107 680 1172 Ostrea
696 1106 843 1183 Circeiis,
860 1104 991 1170 Miseno
1006 1106 1156 1169 oriuntur
1169 1105 1295 1185 echini3

559 1208 751 1273 Pectinibua
766 1207 887 1293 patulis
898 1207 1003 1293 jactat
1018 1228 1053 1271 se
1066 1206 1162 1271 molle
1177 1206 1369 1273 Tarentum.

493 1309 538 1375 35
559 1309 634 1376 Nec
650 1310 713 1375 sibi
728 1331 894 1375 coenarum
907 1309 1014 1393 quivis
1028 1318 1151 1373 temere
1166 1320 1298 1394 arroget
1311 1320 1426 1388 artem,

557 1412 638 1476 Non
651 1411 743 1496 prius
756 1422 874 1475 exacta
888 1411 979 1475 tenui
993 1410 1119 1474 ratione
1135 1432 1300 1495 saporum.

558 1514 633 1578 Nec
649 1513 727 1577 satis
742 1522 804 1589 est,
820 1534 896 1578 cara
910 1512 1018 1596 pisces
1032 1532 1182 1576 averrere
1195 1534 1309 1576 mensa

557 1614 723 1700 Ignarum,
739 1615 859 1699 quibus
873 1622 926 1678 est
936 1614 992 1698 jus
1007 1612 1128 1696 aptius,
1143 1623 1178 1678 et
1191 1616 1312 1698 quibus
1327 1616 1410 1679 assia

559 1716 753 1801 Languidus
767 1718 800 1780 in
815 1716 962 1781 cubitum
971 1715 1040 1799 jam
1055 1736 1091 1778 se
1105 1715 1242 1779 conviva
1254 1727 1403 1802 reponet.

493 1818 537 1882 40
558 1817 684 1883 Umber
698 1827 732 1883 et
746 1817 846 1902 iligna
860 1816 1003 1881 nutritus
1017 1814 1137 1899 glande
1151 1817 1310 1881 rotundas

558 1919 681 1985 curvet
695 1942 775 2007 aper
788 1919 897 1984 lances
910 1938 1041 1983 carnem
1054 1918 1186 1982 vitantis
1201 1919 1355 1984 inertem:

556 2021 645 2085 Nam
661 2022 811 2087 Laurens
826 2020 929 2085 malus
944 2029 1007 2097 eat,
1021 2018 1105 2083 ulvis
1120 2031 1154 2084 et
1168 2022 1328 2086 arundine
1342 2022 1486 2107 pinguia.

560 2122 667 2189 Vinea
683 2124 843 2188 submittit
857 2143 993 2207 capreas
1007 2140 1074 2186 non
1088 2142 1217 2207 semper
1230 2124 1356 2187 edules.

557 2224 722 2291 Fecundae
735 2223 856 2310 leporis
871 2224 1000 2309 sepiem
1016 2224 1196 2289 sectabitur
1210 2248 1328 2292 armos.

505 2414 547 2462 29.
568 2411 671 2475 lapathi
687 2411 731 2477 (ex
775 2425 832 2461 nere
849 2410 1032 2479 Anpfer-Ra-
1097 2412 1302 2463 ternanta.
1347 2412 1442 2471 Para,
1467 2414 1533 2473 artie
1571 2429 1621 2474 nos,

471 2493 520 2526 ntes
541 2484 652 2534 camiac
669 2476 708 2525 vel
732 2426 775 2525 lige
792 2476 920 2535 Patientia,
943 2476 1032 2537 Lina.)
1065 2474 1312 2539 Kana-Maoetei):
1346 2477 1402 2527 ride
1428 2494 1488 2543 quos
1514 2480 1556 2529 lau
1604 2488 1621 2537 t,

473 2544 546 2590 brevis
563 2540 799 2607 marsupllpod.
810 2542 835 2598 2,
847 2542 888 2597 st,
903 2543 953 2591 Aut
964 2542 1035 2589 terta
1066 2540 1158 2589 Athen.
1173 2541 1209 2599 iii,
1224 2560 1249 2608 p.
1266 2544 1299 2591 88
1316 2542 1348 2597 B,
1366 2542 1469 2592 Ariatot.
1487 2544 1522 2592 H.
1541 2546 1576 2592 N.
1590 2545 1621 2601 iv,

472 2608 561 2667 lapathi
574 2614 644 2669 prata
662 2608 770 2661 arnanth,
785 2614 807 2654 st
819 2608 890 2669 graui
902 2606 986 2654 Maiae
996 2620 1033 2652 ta-
1067 2605 1091 2660 4,
1108 2606 1139 2665 ³3
1156 2605 1223 2655 Plin.
1241 2605 1306 2655 llist.
1324 2607 1358 2655 N.
1375 2606 1410 2664 ix,
1429 2609 1472 2663 el,
1489 2608 1565 2666 xxxii,
1583 2610 1622 2657 5³.

472 2672 547 2719 latres
567 2671 665 2731 corpori.
716 2668 818 2719 Breau:
841 2669 925 2719 Schol.
947 2670 1031 2733 Cruq„
1065 2669 1158 2718 Patalis
1176 2671 1236 2719 refer
1252 2669 1525 2737 adpertinumiormam
1536 2686 1622 2722 conca·

468 2750 551 2797 parua,
563 2748 745 2783 annumerent
760 2738 786 2783 in
803 2736 886 2782 attam.
919 2735 1033 2782 Alienon
1063 2748 1127 2783 vam.
1161 2735 1234 2782 Molle
1244 2735 1379 2792 Tarentum,
1393 2736 1425 2785 ab
1440 2736 1537 2801 ingenio
1548 2738 1623 2786 homi·

470 2802 518 2847 tine
548 2800 601 2855 Coo,
628 2798 668 2849 cui
691 2796 866 2847 admiscebatur
887 2812 953 2863 aqua
979 2810 1032 2846 mu·
1064 2813 1131 2854 uum,
1140 2798 1237 2847 omllius
1247 2807 1272 2848 et
1281 2799 1428 2848 luxuriosius
1437 2800 1623 2859 ihiviventium;

470 2862 538 2975 linia:
563 2863 612 2912 vid.
631 2861 724 2911 Athen.
743 2861 760 2918 i,
782 2864 823 2919 35,
844 2870 869 2911 et
888 2862 979 2911 Heind.
1001 2860 1033 2910 ad
1064 2860 1120 2973 hipc
1122 2862 1173 2975 Iini.
1183 2863 1286 2929 Epist.i,
1297 2865 1321 2923 7,
1333 2864 1510 2920 45,Tarentusn
1520 2868 1623 2915 imbelle:

488 2960 524 2975 ..
1062 2926 1111 2975 vi.
1138 2934 1177 2975 nte
1231 2936 1277 2977 tes.

504 2992 546 3040 30.
571 2990 706 3055 Gonehylia,
733 3004 786 3048 nos,
813 2992 851 3039 die
878 2991 1029 3047 Schulthiere,
1095 2992 1136 3039 ³6.
1153 2943 1290 3055 hiditmprius
1299 3002 1386 3051 nacto,
1398 3000 1455 3041 cett.
1466 2994 1508 3057 qui
1520 3008 1570 3043 nou
1580 3010 1623 3043 au·

471 3056 616 3119 &hatteha
651 3056 763 3111 Lubrica,
773 3068 872 3103 mucoso
884 3053 976 3119 liquore
986 3055 1029 3102 ob·
1062 3060 1101 3103 tea
1116 3055 1235 3105 subtiliter
1250 3056 1406 3122 exploraverit
1424 3072 1536 3123 saporum
1552 3058 1623 3107 ratio·

471 3119 545 3169 ducta
567 3117 605 3167 vel
626 3119 764 3179 madentia;
792 3118 915 3185 epitheton
934 3134 1030 3167 ornans.
1062 3134 1127 3167 nem.
1161 3120 1244 3176 Tenui,
1255 3120 1346 3176 subtili,
1358 3128 1387 3170 ut
1397 3138 1421 3169 v.
1431 3122 1458 3171 9.

471 3182 1030 3245 Nascentssluneimpiant,carnosiorareddunt:
1095 3184 1201 3233 37-39.
1213 3184 1262 3233 Nec
1272 3190 1327 3233 satis
1337 3195 1378 3243 est,
1388 3193 1446 3235 cett.
1456 3199 1543 3234 sanam
1554 3202 1560 3231 :
1578 3201 1624 3234 non

472 3248 538 3297 Plin.
550 3248 584 3295 Η.
598 3246 632 3296 Ν.
643 3246 669 3305 ii,
682 3250 722 3305 tl,
733 3248 827 3296 Lunai-i
841 3256 951 3310 potestate
961 3257 1030 3295 ottre·
1063 3246 1122 3296 satia
1131 3256 1169 3297 eat
1179 3249 1257 3313 pisces
1267 3264 1336 3298 caros
1346 3264 1433 3308 emero,
1442 3248 1485 3298 sed
1494 3264 1556 3314 opus
1564 3266 1623 3315 quo·

471 3330 538 3362 aram
556 3312 768 3376 conchyliorumque
787 3322 809 3361 et
829 3312 966 3360 concharum
984 3328 1030 3359 ont·
1063 3328 1110 3375 que
1124 3320 1162 3361 est
1176 3312 1245 3368 scire,
1257 3312 1300 3377 qui
1316 3328 1399 3362 eorum
1414 3313 1473 3362 elixi
1506 3312 1562 3363 uiso
1578 3314 1625 3363 assi

471 3379 537 3426 niam
547 3392 641 3439 carpam
652 3380 734 3442 augeri
747 3386 768 3424 et
786 3392 868 3425 wreus
884 3377 1030 3424 minui-ea·
1063 3376 1150 3425 melius
1166 3385 1192 3425 et
1203 3375 1336 3441 jacundius
1350 3377 1454 3443 sapiant.
1488 3330 1546 3435 ito,
1558 3396 1623 3427 aser-

472 3443 584 3505 quoiam
607 3443 772 3507 diligentiores.
815 3440 929 3489 Ceterum
950 3441 1031 3490 obaer-
1063 3456 1114 3489 rere
1131 3440 1243 3489 nonnulli
1258 3441 1336 3491 Codd.
1348 3441 1413 3508 apud
1430 3442 1503 3491 Feam
1521 3440 1624 3491 offerant

471 3503 774 3556 tentataentianttirones
789 3506 815 3553 in
831 3504 877 3553 hoc
895 3502 1032 3554 hexametro
1063 3514 1173 3563 aoertm,
1210 3504 1291 3553 lurimi
1308 3513 1498 3555 tamantuentur
1511 3522 1623 3563 amnne,

471 3578 521 3620 tam
537 3571 662 3619 verborum
678 3569 861 3618 collocationem
879 3568 915 3617 vel
930 3567 1031 3634 disposi-
1063 3578 1087 3617 et
1101 3569 1147 3619 hoc
1162 3523 1221 3617 mili
1232 3578 1260 3617 ut
1269 3569 1349 3635 aptius
1360 3578 1385 3619 et
1394 3570 1531 3633 elegantius
1540 3570 1623 3635 prate·

472 3635 560 3684 tionem
574 3633 728 3699 aptissimam,
740 3649 813 3697 quam
828 3648 977 3682 numerorum
988 3634 1030 3683 de·
1063 3634 1164 3682 rendum
1172 3634 1279 3691 videtur;
1294 3650 1400 3683 acerrae
1408 3635 1460 3699 jam
1467 3644 1513 3691 est,
1526 3649 1624 3683 manum

472 3714 568 3749 cursum
579 3698 756 3747 suavissimum.
1064 3696 1139 3746 elicui
1153 3698 1186 3746 rei
1200 3697 1288 3764 cupide
1302 3697 1401 3764 injicere
1410 3714 1512 3763 eamque
1523 3698 1622 3755 auferre,

504 3764 546 3813 ³1.
564 3764 681 3813 Generosa
699 3772 775 3813 tnta:
790 3778 899 3827 generosa
915 3768 1032 3811 vocantur
1064 3777 1117 3819 noa,
1128 3764 1314 3826 saegscltnappen,
1328 3765 1468 3831 uegfiscten,
1479 3764 1623 3827 uegkapern.

472 3828 587 3880 animalia
596 3835 710 3883 testacea,
722 3843 776 3891 qua
786 3826 909 3875 esculenta
920 3834 984 3874 sunt.
1065 3826 1150 3874 &iarn
1165 3842 1264 3875 naaman
1281 3826 1373 3891 accipio
1388 3827 1418 3876 de
1436 3842 1520 3877 mensa
1534 3826 1560 3875 in
1573 3843 1623 3875 ma-

505 3896 546 3942 ³2.
564 3892 655 3940 Murice
672 3892 763 3939 Baiano
780 3892 859 3939 melior
876 3890 1030 3953 Lacr-inape-
1062 3890 1134 3949 cello,
1146 3891 1172 3939 in
1190 3906 1238 3955 quo
1255 3893 1307 3938 cari
1317 3892 1355 3940 vel
1372 3892 1453 3955 magni
1469 3890 1539 3958 pretii
1553 3892 1625 3955 pisces

472 3960 535 4007 loris.
565 3956 668 4003 Peioris:
684 3955 838 4011 concharum,
859 3954 885 4003 in
907 3955 962 4003 sinu
979 3956 1030 4004 Lu·
1062 3955 1159 4004 venales
1167 3954 1267 4019 expositi
1274 3963 1347 4015 sunt;
1361 3972 1392 4004 ex
1401 3955 1447 4004 hac
1458 3956 1532 4019 igitar
1542 3970 1624 4004 mensa

473 4020 552 4073 arensi
567 4019 628 4067 iuter
645 4020 760 4069 Puteolos
776 4029 801 4068 et
812 4020 886 4068 Baias
897 4028 1029 4085 captarum,
1062 4018 1145 4085 capidi
1161 4019 1289 4068 lautiorem
1301 4019 1427 4085 epularum
1443 4028 1553 4075 emtores,
1565 4019 1623 4067 dum

473 4100 549 4198 ἔξω
559 4083 727 4196 praeferebatur
740 4082 870 4196 murtiicibus
888 4082 914 4132 in
930 4082 984 4133 sinu
999 4083 1031 4132 ad
1063 4084 1131 4196 altert
1144 4083 1211 4161 alteri
1233 4098 1335 4133 mercem
1359 4084 1428 4148 quasi
1455 4083 1624 4196 “dumam

497 4162 786 4263 ”ittttttttt‘p
796 4164 862 4261 iia.
875 4212 909 4260 a.
924 4210 1029 4269 aas,
1062 4158 1623 4323 :tttttttttt‘tt‘ttttit.t}t

472 4280 513 4335 21,
536 4278 702 4326 Circeiensibus
723 4279 802 4326 ostreis
826 4293 896 4341 nepas
916 4279 1030 4335 dulciora,
1062 4276 1141 4342 pisces
1157 4292 1243 4342 capere
1259 4276 1347 4325 dicitur
1360 4293 1414 4342 sup.
1426 4278 1478 4325 Sat.
1489 4274 1516 4333 ir,
1528 4276 1553 4333 3,
1581 4278 1622 4334 35,

471 4359 543 4407 neque
563 4344 677 4390 teneriora
696 4358 740 4391 esse
759 4343 811 4390 aila
832 4350 969 4405 conpertam
987 4352 1030 4391 est.
1062 4351 1090 4389 ta
1104 4344 1176 4403 pisces
1195 4343 1287 4389 hiberico
1305 4357 1332 4388 ea·
1349 4358 1438 4406 «priore
1453 4341 1535 4396 verris,
1556 4340 1582 4388 h.
1599 4355 1623 4388 e.

474 4409 573 4457 Circeii:
589 4404 703 4471 oppidum
717 4406 742 4455 iu
760 4406 832 4455 Latio
851 4414 876 4455 et
894 4414 1029 4471 promonto-
1062 4414 1145 4469 captos
1162 4406 1251 4454 aufers.
1284 4407 1355 4454 Hanc
1369 4404 1554 4472 explicationem
1572 4418 1623 4451 am-

473 4473 534 4523 rium
557 4472 583 4520 in
609 4486 674 4521 mare
702 4471 853 4547 Tyrrhenum
881 4485 1030 4535 procurrens.
1062 4470 1148 4582 plexus
1173 4486 1270 4535 quoque
1295 4478 1331 4519 ast
1355 4470 1466 4527 Vossius,
1489 4468 1533 4533 qui
1557 4467 1622 4517 hunc

448 4540 452 4547 '
473 4540 570 4593 Miseno,
587 4543 753 4601 promontorio,
765 4542 790 4584 et
804 4535 911 4601 ejusdem
929 4535 1033 4584 nominis
1074 4550 1144 4583 ocum
1154 4534 1225 4583 vertit
1242 4534 1286 4592 sie,
1299 4536 1350 4582 dass
1362 4534 1443 4582 Fiscte
1458 4552 1502 4582 oon
1518 4534 1623 4581 tteaerer

472 4601 568 4669 oppido,
580 4600 605 4648 in
621 4600 762 4668 Campania.
796 4600 896 4649 Echini:
915 4607 1031 4649 testaceo·
1065 4598 1134 4647 Bank
1154 4602 1188 4648 da
1209 4598 1369 4664 biauegrasst.
1403 4598 1438 4647 At
1458 4607 1562 4645 coenem
1581 4595 1623 4645 ad-

473 4674 682 4731 margaritarum
695 4680 792 4732 corpore
807 4664 882 4731 spinis
896 4663 1030 4714 munitum:
1065 4662 1171 4712 'unctam
1202 4664 1322 4712 notionem
1351 4662 1408 4711 furti
1435 4662 1475 4711 vel
1503 4660 1623 4711 violentia

473 4748 525 4791 nos,
542 4732 637 4794 Seeigel.
1060 4680 1145 4778 habet.
1179 4727 1292 4790 ignaram
1316 4742 1381 4784 eum,
1405 4726 1447 4791 qui
1469 4726 1581 4791 ignomt5
1602 4736 1624 4774 et
