3659 5892
863 906 1073 975 CARMEN
1098 911 1179 976 Xll.

572 1115 667 1190 Qorn
683 1116 743 1180 tibi
758 1115 817 1193 vis,
834 1115 948 1182 mulier
963 1117 1064 1202 nigris
1080 1116 1270 1202 dignissima
1284 1120 1413 1185 barris?

657 1217 799 1283 Munera
814 1240 873 1283 cur
887 1218 978 1297 mihi,
993 1220 1114 1303 quidve
1129 1219 1266 1285 tabellas

571 1319 692 1399 Mittis,
708 1342 768 1387 nec
783 1318 876 1386 firmo
886 1321 1012 1406 juveni,
1027 1343 1133 1405 neque
1149 1324 1235 1386 naris
1250 1323 1381 1388 obesael

656 1424 809 1508 Namque
824 1424 974 1509 sagacius
989 1445 1074 1488 unus
1088 1424 1219 1501 odoror,

516 1526 537 1591 5
570 1525 728 1613 Polypus,
744 1549 787 1591 an
801 1527 908 1611 gravis
924 1525 1059 1591 hirsutis
1074 1528 1174 1593 cubet
1188 1526 1298 1593 hircus
1311 1528 1346 1592 in
1361 1528 1432 1607 alis,

657 1629 766 1703 Quam
781 1628 869 1693 canis
885 1650 972 1706 acer,
985 1629 1044 1693 ubi
1057 1628 1158 1694 lateat
1173 1652 1240 1693 sus.

569 1731 639 1806 Qui
654 1732 754 1797 sudor
770 1732 863 1796 vietis
878 1740 912 1796 et
927 1753 1025 1815 quam
1038 1730 1141 1795 malus
1157 1732 1302 1815 undique
1317 1733 1472 1799 membris

656 1832 784 1899 Crescit
799 1832 897 1899 odor!
923 1855 1033 1917 quum,
1050 1856 1134 1917 pene
1150 1833 1268 1913 soluto,

567 1936 762 2003 Indomitum
777 1946 934 2022 properat
948 1936 1071 2001 rabiem
1087 1936 1214 2015 sedare,
1228 1960 1334 2021 neque
1348 1938 1395 2003 illi

506 2040 546 2104 10
654 2036 729 2102 dam
743 2049 852 2103 manet
870 2037 1005 2103 humida
1019 2048 1120 2117 creta,
1136 2038 1290 2124 colorque

568 2141 720 2207 Stercore
734 2140 862 2206 fucatus
879 2140 1052 2220 crocodili3
1070 2142 1204 2226 jamque
1220 2144 1369 2209 subando

654 2242 765 2308 Tenta
779 2242 909 2321 cubilia,
926 2254 1077 2327 tectaque
1093 2244 1226 2329 rumpit.

565 2343 631 2412 Vel
644 2368 716 2410 mea
730 2367 830 2430 quum
846 2346 939 2410 saevis
955 2347 1058 2432 agitat
1072 2344 1203 2411 fastidia
1214 2350 1340 2413 verbis:

653 2446 819 2512 “Inachia
832 2446 968 2534 langues
983 2448 1089 2512 minus
1105 2472 1143 2513 ac
1158 2472 1227 2529 me;

565 2548 731 2615 Inachiam
746 2563 796 2615 ter
811 2562 906 2616 nocte
922 2560 1038 2635 potes3
1061 2551 1139 2616 nrihi
1155 2575 1283 2638 semper
1298 2555 1341 2618 ad
1356 2576 1456 2619 unum

502 2654 543 2718 15
652 2650 765 2717 Mollis
779 2674 880 2738 opus:
903 2664 1018 2738 pereat
1032 2653 1126 2732 male,
1143 2678 1218 2739 quae
1233 2666 1277 2733 te,

602 2822 755 2875 CARMEN
773 2823 836 2873 ΧΠ.
1028 2825 1132 2886 quadam
1145 2824 1310 2891 molosobulu,
1322 2841 1368 2887 quo
1380 2826 1513 2892 tibisertur
1529 2829 1594 2877 Valle

469 2888 524 2938 Hoc
539 2904 644 2945 cannen,
657 2888 744 2955 pariter
761 2904 789 2937 ac
806 2902 878 2964 supra
894 2886 998 2962 Epodou
1029 2891 1071 2936 rub
1087 2890 1181 2938 olerum
1198 2901 1253 2939 rrur
1273 2892 1376 2938 habitare
1391 2908 1474 2953 caper:
1490 2892 1540 2941 vid.
1559 2893 1593 2941 ibi

436 2969 533 3003 samen
547 2963 666 3009 octavum,
683 2952 824 3019 lelle,quod
843 2968 868 3002 m
885 2951 998 3001 libidine·
1031 2961 1081 3000 not.
1121 2954 1152 3002 In
1170 2970 1230 3005 voca
1252 2957 1318 3004 victu
1342 2955 1499 3020 penultimam
1522 2966 1594 3023 poeta

435 3034 487 3067 sam
501 3018 622 3083 quandam
636 3034 709 3067 anum
721 3018 833 3073 evomuit,
850 3017 950 3083 turpiter
960 3016 997 3066 in·
1030 3016 1154 3083 corripuit.

452 3082 562 3134 uinctum
572 3092 617 3133 est.
650 3082 995 3157 Hicquoquevetuhecujus-
1061 3084 1151 3131 9-12.
1177 3082 1255 3145 Neque
1269 3084 1309 3130 illi
1330 3082 1385 3130 dam
1405 3095 1480 3133 monet
1497 3086 1593 3134 humida

435 3100 500 3206 dam,
517 3165 532 3198 a
549 3166 597 3215 qua
615 3148 646 3197 ad
662 3147 785 3197 libidinem
801 3163 857 3196 cum
873 3148 915 3195 illa
929 3163 996 3197 exer·
1029 3158 1105 3196 creto.-
1127 3162 1205 3212 neque
1225 3147 1250 3195 in
1268 3147 1322 3212 ejus
1338 3148 1401 3197 facie
1419 3160 1485 3199 creta
1505 3147 1593 3200 sudore

436 3213 537 3263 cendam
553 3230 578 3263 ss
592 3212 724 3279 expetitum
742 3228 793 3262 esse
809 3212 886 3277 fingit,
899 3211 995 3262 ioedita·
1029 3210 1160 3277 liquefacta
1181 3221 1270 3270 manet,
1290 3211 1333 3261 sed
1355 3212 1456 3272 defluit3
1480 3230 1511 3263 ex
1528 3225 1594 3263 crem

435 3286 483 3329 tem
498 3278 563 3329 t'oeda
579 3278 700 3333 describit,
712 3286 744 3333 et,
756 3286 821 3326 uteo
832 3277 908 3343 magis
921 3292 996 3343 appa·
1029 3291 1115 3343 nempe
1131 3276 1278 3351 pigmentum
1294 3278 1431 3341 parabatur,
1442 3294 1491 3345 quo
1502 3280 1592 3328 cando-

435 3352 485 3395 τεαὶ
512 3351 617 3409 quantus
645 3343 715 3393 fuerit
741 3342 811 3393 istius
836 3341 944 3391 mulieris
963 3341 996 3390 'in
1027 3356 1076 3389 rem
1099 3342 1170 3391 saciet
1189 3341 1346 3390 conciliarent
1364 3343 1494 3393 mulieres:
1519 3344 1594 3393 Ovio.

434 3408 534 3461 libidine
546 3409 618 3465 furor,
630 3424 684 3457 eam
699 3408 835 3473 loquentem
849 3416 874 3455 et
887 3406 997 3455 inertiam
1030 3407 1062 3456 A.
1075 3406 1108 3454 Α.
1118 3406 1155 3464 ἰὶἰ,
1170 3408 1224 3463 199,
1242 3407 1310 3455 Scitis
1326 3416 1348 3454 et
1363 3410 1461 3457 inductu
1472 3412 1594 3458 candorem

434 3473 479 3523 sibi
491 3474 552 3523 inre
565 3474 675 3523 Veneres
685 3472 866 3537 exprobrantem
878 3471 981 3519 inducit.
1026 3488 1127 3533 querere
1137 3482 1217 3521 meto:
1234 3470 1266 3520 ci.
1279 3472 1335 3521 Inte
1363 3488 1383 3520 r.
1407 3474 1517 3537 Colorque
1527 3473 1591 3523 Ster-

470 3541 542 3588 1-8.
561 3539 623 3595 Quid
645 3540 686 3587 tibi
706 3541 747 3595 uis,
768 3546 873 3602 quantus
890 3535 998 3585 libidinis
1027 3552 1078 3585 core
1087 3535 1189 3601 fucatus
1206 3487 1415 3593 ermodittrlueus
1437 3554 1468 3587 ex
1490 3545 1594 3589 stercore

435 3612 458 3654 te
477 3603 552 3669 agitat
568 3604 642 3659 furor.
683 3602 835 3667 Dignissimis,
857 3618 911 3675 qua
928 3615 999 3649 cosas
1030 3600 1145 3649 crocodili
1164 3599 1296 3649 consectus.
1337 3600 1443 3657 Plinius,
1461 3602 1544 3661 xxviii,
1566 3605 1592 3661 8,

435 3686 491 3719 eum
506 3672 580 3744 nigris
591 3671 674 3725 barris,
686 3666 711 3715 h.
723 3682 745 3715 e.
757 3665 899 3733 elephantis,
911 3674 936 3714 et
951 3665 996 3713 ioe·
1029 3676 1115 3713 arerem
1125 3667 1236 3714 crocodili
1245 3666 1457 3732 molestiorinfocie
1464 3678 1594 3717 outremer

434 3734 509 3783 ditate
525 3734 569 3782 trbi
587 3732 717 3791 similibus,
733 3740 757 3780 et
777 3728 871 3779 libidini
887 3738 936 3779 ture
955 3746 996 3778 ex·
1030 3732 1108 3778 tollere
1130 3730 1172 3778 ait.
1209 3730 1282 3778 Teum
1303 3733 1400 3788 rutilio,
1421 3731 1543 3797 explicant
1562 3732 1593 3783 da

434 3798 528 3865 plende
539 3798 644 3864 paribus.
677 3798 734 3846 Non
749 3795 863 3845 audiendi
877 3803 943 3851 sunt,
954 3795 998 3859 qui
1029 3793 1091 3843 lecto
1104 3794 1202 3843 funibus
1213 3802 1278 3843 tento
1289 3812 1296 3854 3
1313 3794 1423 3859 equidem
1435 3808 1498 3845 rents
1509 3797 1593 3847 malim

434 3872 516 3913 nostra
534 3872 603 3913 aetate
618 3878 659 3929 per
674 3866 761 3917 henos,
780 3877 828 3910 non
845 3861 994 3926 elephantos,
1027 3858 1059 3907 ad
1075 3862 1178 3909 rulando
1196 3859 1289 3917 referre,
1312 3870 1339 3908 ut
1358 3860 1399 3917 sit,
1416 3861 1525 3910 subando
1543 3862 1592 3911 dis·

434 3926 476 3979 acd
496 3927 617 3977 simiorum
634 3926 756 3992 quoddam
772 3925 996 3991 genusintelligen·
1028 3932 1095 3973 tenta
1103 3931 1128 3973 et
1137 3923 1262 3973 dissoluta.
1297 3924 1417 3989 Tectaque,
1428 3926 1551 3991 explicant
1561 3924 1593 3977 de

434 3990 493 4041 dum
510 4008 562 4042 esse
578 3992 703 4057 probatum
720 3991 830 4051 iverunt;
851 3992 899 4039 imo
918 3990 996 4037 Hora·
1028 3988 1064 4037 int
1112 3988 1232 4038 mentiret
1242 3988 1349 4039 vestibus
1360 3989 1492 4053 stragulis;
1510 3992 1592 4040 malim

434 4057 482 4106 tius
492 4058 601 4107 consulto
612 4055 766 4122 elephantum
774 4066 801 4104 ut
812 4055 900 4105 animal
913 4070 996 4103 narro·
1029 4069 1071 4119 per
1105 4054 1235 4119 yperbolen
1249 4054 1280 4103 de
1296 4053 1349 4120 ipso
1360 4055 1468 4105 cubiculi
1479 4064 1543 4105 tecto
1553 4056 1591 4105 in-

434 4122 484 4172 sius
501 4122 590 4188 posuit.
632 4122 744 4179 Tabellas,
769 4128 860 4170 cerams
880 4128 946 4185 puta,
969 4118 996 4167 in
1027 4117 1145 4181 telligsre.

434 4188 534 4252 quibus,
554 4185 612 4261 quid
633 4186 714 4243 vellet,
737 4192 874 4235 exaraverat
895 4183 995 4243 vetula3
1063 4184 1167 4231 13-20.
1187 4182 1227 4230 Vel
1241 4200 1291 4231 meo
1306 4201 1377 4246 quum
1392 4188 1463 4239 sauir,
1482 4193 1541 4235 cett.
1560 4185 1593 4235 ad

433 4268 531 4301 arcanos
549 4250 668 4316 ejusmodi
687 4252 783 4299 tabellas
804 4258 875 4299 vocat
892 4247 996 4299 Ovidius
1027 4249 1064 4296 uel
1082 4249 1169 4323 supple
1185 4247 1233 4296 lere
1251 4248 1313 4297 hanc
1332 4249 1492 4298 sententiam:
1517 4264 1591 4315 quam

434 4317 519 4366 Amor.
530 4317 557 4374 ii,
568 4318 607 4374 15,
623 4318 660 4367 15.
678 4316 699 4363 F
700 4318 765 4373 irum,
777 4313 856 4365 valido
868 4314 899 4363 ad
909 4313 994 4361 munia
1026 4309 1148 4362 indomitae
1168 4311 1275 4361 lrbrdrms
1295 4312 1342 4361 ista
1357 4313 1443 4362 mulier
1457 4325 1502 4371 est,
1520 4332 1592 4379 quum

433 4382 552 4449 comparis
571 4380 699 4447 aequanda.
736 4380 813 4445 Neque
834 4383 899 4428 noris
918 4381 993 4436 obesa,
1027 4386 1084 4426 cett.
1128 4378 1183 4425 Meu
1197 4378 1301 4443 fastidio
1321 4380 1384 4426 arrh
1410 4382 1483 4428 uerbis
1504 4384 1590 4444 agitet,

434 4446 549 4513 quiuihil
565 4445 671 4503 olfaciat,
683 4445 790 4510 adeoque
806 4442 996 4493 malumvetulre
1027 4458 1109 4491 meum
1129 4442 1155 4490 in
1174 4441 1304 4492 concubitu
1326 4442 1466 4507 languorem
1486 4445 1594 4520 exagitat

433 4514 530 4563 odorem
550 4510 622 4561 facile
637 4510 739 4577 perferre
759 4509 842 4575 possit.
876 4508 996 4572 Polypus.-
1029 4506 1255 4573 hisasperisverbis.
1271 4506 1397 4567 isachium
1413 4508 1592 4567 ednothum,

433 4577 464 4629 de
476 4578 541 4643 gravi
588 4576 612 4641 ly
629 4574 637 4623 i
652 4576 736 4626 ioetors
751 4572 998 4628 vid.Cels.vi,8,et
1028 4570 1121 4621 sivein
1139 4572 1260 4637 συνουσίᾳ
1270 4588 1326 4620 rum
1338 4524 1449 4622 Inachia.
1483 4574 1593 4641 largum

434 4658 495 4709 quos
509 4593 593 4692 laudaot
638 4640 708 4691 itsch.
743 4640 829 4688 Gravis
843 4640 929 4694 birrus,
985 4664 995 4674 ·
1028 4639 1104 4686 miuus
1119 4655 1146 4685 uc
1162 4636 1296 4693 meminus
1311 4646 1384 4701 atque
1398 4638 1464 4704 apud
1480 4639 1594 4688 metirer

433 4706 547 4764 visodor,
566 4704 646 4772 qualis
662 4714 699 4757 est
715 4704 848 4763 hircorum3
866 4710 918 4751 utr
951 4720 997 4767 poc
1029 4710 1052 4751 ta
1067 4700 1190 4751 deficiunt.
1232 4702 1307 4758 Potes,
1326 4717 1354 4750 su
1373 4718 1463 4766 presso,
1481 4703 1515 4752 ait
1530 4702 1591 4752 Mit-

433 4773 498 4839 apud
515 4772 624 4822 Grecos.
656 4768 749 4819 Catull.
765 4767 825 4825 lxix,
840 4770 866 4823 5,
882 4766 958 4815 ladit
974 4776 996 4814 tr
1027 4764 1346 4829 scherlichius,exreracun
1364 4766 1393 4815 ire
1404 4770 1591 4833 assumami-
