3659 5892
662 520 829 589 LIBER
851 522 898 601 11,
921 526 954 587 3.

322 678 500 771 Undique?
523 678 591 743 tun’
607 682 730 744 sanus?
775 676 940 763 Populum
955 677 984 742 si
998 676 1126 743 cedere
1141 677 1231 742 saxis

234 804 239 814 ·
321 782 475 869 Incipias,
492 802 654 858 servosve,
671 790 729 847 tuo
743 803 826 865 quos
841 802 906 845 aere
922 780 1059 864 pararis,

238 884 301 950 130
321 885 475 951 Insanum
491 894 524 951 te
539 905 650 950 omnes
665 884 760 969 pueri
775 883 980 966 clamentque
995 880 1130 968 puellae:

322 988 435 1061 Quum
448 986 567 1071 laqueo
581 1008 717 1051 uxorem
732 985 902 1061 interimis,
918 995 1120 1070 matremque
1134 1005 1271 1064 veneno,

321 1088 480 1155 Incolumi
491 1090 598 1174 capite
609 1091 667 1173 est
691 1087 783 1161 Quid
794 1087 898 1152 enimi
920 1086 1041 1172 Neque
1056 1099 1094 1154 tu
1107 1088 1172 1155 hoc
1185 1089 1266 1155 facis
1275 1087 1389 1177 Argis,

320 1191 396 1257 Nec
409 1189 510 1269 ferro,
526 1204 563 1257 nt
578 1191 710 1257 demens
726 1190 916 1275 genitricem
931 1190 1052 1257 occidit
1067 1191 1217 1259 Orestes.

321 1292 377 1359 An
391 1303 428 1357 tu
443 1293 525 1357 reris
540 1315 615 1359 eum
630 1294 738 1361 occisa
751 1293 912 1359 insanisse
929 1304 1077 1378 parente,

239 1396 302 1463 135
321 1394 375 1461 Ac
390 1406 544 1461 nonanta
559 1394 651 1459 malis
666 1395 851 1460 dementem
866 1406 976 1460 actum
989 1395 1110 1475 Furiis,
1126 1418 1223 1481 quam

324 1498 364 1563 ln
378 1499 490 1562 matris
501 1497 618 1583 jugulo
633 1496 756 1562 ferrum
770 1495 929 1581 tepefecit
942 1502 1098 1563 acutum?

325 1600 417 1673 Quin
431 1621 474 1665 ex
488 1622 555 1683 quo
570 1599 702 1665 habitus
716 1598 800 1663 male
814 1608 896 1663 tutae
910 1602 1028 1665 mentis
1043 1600 1194 1680 Orestes,

325 1702 384 1767 Nil
400 1723 477 1767 sane
492 1699 581 1779 fecit,
598 1701 688 1785 quod
703 1711 739 1765 tn
754 1700 954 1786 reprendere
966 1704 1093 1787 possis;

324 1804 405 1871 Non
420 1803 567 1889 Pyladen
581 1802 669 1870 ferro
683 1803 805 1869 violare
820 1824 960 1869 aususve
975 1826 1120 1871 sororem

241 1907 304 1974 140
325 1908 509 1985 Electram3
534 1916 659 1971 tantum
672 1905 837 1971 maledicit
852 1905 994 1989 utrique,
1010 1909 1157 1975 vocando

289 2018 292 2023 '
324 2010 421 2076 Hanc
437 2010 579 2089 Furiam,
594 2010 682 2075 hunc
697 2008 798 2086 aliud,
809 2009 909 2093 jussit
923 2008 1015 2092 quod
1030 2009 1202 2094 splendida
1216 2011 1302 2077 bilis.

323 2112 457 2197 Pauper
472 2110 625 2198 Opimius
641 2112 767 2195 argenti
782 2111 882 2196 positi
896 2112 985 2175 intus
1000 2114 1132 2191 attari,

324 2216 394 2289 Qui
408 2214 627 2281 Veientanum
642 2215 735 2279 festis
750 2222 864 2299 potare
880 2213 998 2279 diebus

324 2318 492 2403 Campana
507 2317 620 2383 solitus
636 2314 744 2395 trulla,
758 2336 962 2401 vappamque
977 2314 1143 2400 profestis,

243 2419 304 2485 l45
325 2420 503 2493 Quondam
516 2418 665 2503 lethargo
680 2418 798 2503 grandi
812 2428 862 2483 est
877 2440 1068 2501 oppressus,
1084 2430 1121 2485 ut
1133 2419 1241 2487 haeres

324 2520 400 2589 Jam
415 2523 537 2587 circum
551 2519 676 2587 loculos
690 2530 725 2597 et
740 2519 845 2586 claves
861 2518 956 2584 laetus
972 2536 1137 2606 ovansque

325 2624 493 2689 Curreret.
538 2622 640 2688 Hunc
654 2622 801 2687 medicus
815 2619 952 2686 multum
965 2621 1054 2687 celer
1067 2624 1290 2709 atqueiidelis
1305 2654 1310 2663 ·
1387 2667 1389 2672 -

321 2726 463 2793 Excitat
476 2725 540 2791 hoc
554 2736 670 2812 pacto:
693 2747 837 2789 mensam
851 2725 931 2809 poni
940 2726 1038 2809 jubet
1051 2737 1150 2811 atque

325 2828 465 2895 Effundi
481 2849 593 2895 saccos
608 2849 828 2907 nummorum
852 2828 1009 2893 accedere
1023 2827 1134 2913 plures

242 2930 304 2999 150
324 2930 382 2997 Ad
396 2930 650 2997 numerandum:
673 2928 838 2995 hominem
853 2930 900 2997 sic
914 2930 1031 3015 erigit:
1055 2932 1150 2998 addit
1163 2944 1199 2999 et
1211 2933 1310 3001 illud:

324 3034 374 3099 Ni
388 3044 445 3100 tua
458 3034 616 3113 custodis,
632 3032 747 3099 avidus
758 3033 827 3117 jam
841 3031 912 3099 haec
927 3031 1055 3098 auferet
1068 3033 1185 3099 haeres.

240 3168 334 3219 modica
353 3166 477 3217 advitam
498 3166 679 3219 sustentandam
700 3164 797 3215 sufficit.
832 3167 896 3221 Quid
906 3166 1111 3217 mimiabaerim.
1143 3171 1224 3235 Argis,
1240 3170 1392 3224 arbiorum

241 3233 363 3307 Perjuros,
379 3235 489 3296 surripis,
506 3232 602 3298 aufers:
621 3247 653 3281 eu
671 3230 737 3281 avari
756 3230 798 3281 de-
831 3231 862 3279 ad
873 3232 948 3298 patris
965 3233 1155 3297 Agamemnonis
1169 3234 1260 3283 cedem
1270 3236 1390 3287 alcmoeu-

239 3298 393 3364 scrrptioaem
412 3296 551 3362 gravissime
566 3297 643 3346 tribus
660 3294 739 3345 verbis
758 3310 799 3345 es·
831 3295 888 3371 dam
907 3304 1007 3345 matrem
1029 3311 1098 3346 snam
1120 3298 1329 3364 Clytaemnestram
1350 3318 1391 3353 ος.

241 3362 507 3501 prll‘ldlldmmspaeri
518 3434 541 3473 et
551 3424 704 3491 paralimpro,
716 3438 798 3500 omues
832 3360 920 3499 allilia
943 3425 991 3475 Pro
1008 3429 1092 3501 xcidit
1108 3426 1151 3475 alii
1169 3431 1268 3479 occidis:
1288 3438 1392 3497 uosque

240 3498 265 3540 et
274 3490 372 3555 ungula,
382 3489 414 3539 sd
423 3505 499 3539 unum
509 3502 602 3545 omnes,
611 3496 639 3538 nt
649 3504 704 3555 sup.
717 3490 768 3538 Sat.
780 3505 797 3549 ι,
831 3489 902 3539 lectio
913 3489 998 3538 eodem
1009 3489 1078 3539 redit.

243 3556 267 3613 l,
279 3558 319 3605 85.
865 3555 922 3602 134.
940 3554 1019 3602 Occiso
1031 3556 1142 3603 insoiiase
1154 3567 1260 3619 parente,
1270 3558 1336 3608 carde
1348 3558 1390 3609 de·

275 3620 330 3668 131.
349 3618 492 3681 Matremque
508 3632 607 3666 uenmo:
622 3616 753 3683 respexisse
764 3617 799 3666 ri-
832 3634 899 3667 mum
920 3626 1027 3684 persen.
1048 3628 1077 3667 nt
1097 3629 1135 3669 est
1155 3620 1181 3669 ia
1197 3620 1293 3680 tabulis,
1314 3623 1393 3674 surore

240 3682 311 3735 detur
330 3683 442 3733 Horatius
452 3684 571 3740 Scaevam,
582 3680 625 3747 qui
637 3697 692 3795 sup.
708 3682 760 3732 Sat.
770 3682 798 3739 ii.
831 3690 965 3795 correptum
976 3684 1048 3731 esset

243 3750 266 3805 1.
289 3750 331 3807 53,
353 3758 382 3796 ut
401 3747 472 3797 homo
493 3760 597 3811 nequam
618 3754 643 3795 et
673 3746 800 3796 nauriosus
865 3748 895 3797 1³
915 3782 922 3796 .
945 3748 1069 3812 Tcpcsecit,
1087 3748 1158 3814 epica
1174 3749 1321 3801 sublimitate
1341 3768 1392 3818 pro,

242 3813 341 3877 (arpos)
360 3820 460 3861 menam
477 3810 583 3859 rimam
601 3826 694 3859 veneno
713 3810 799 3860 intere·
832 3810 930 3871 defixit3
943 3811 1107 3875 sichastatep
1132 3818 1393 3878 noctrajectoeerabro

241 3877 313 3927 misse
335 3874 430 3927 dicitur.
479 3876 528 3923 Pro
548 3884 688 3938 matronaque
709 3874 799 3933 malim,
832 3878 917 3926 harere
928 3874 1016 3924 dicitnr
1026 3876 1091 3942 apud
1127 3878 1171 3942 irg.
1184 3880 1289 3936 AEn.ix‚
1302 3881 1360 3930 119.

241 3952 371 3996 narrasses,
389 3947 418 3990 ιιι
434 3938 505 3988 modo
520 3954 544 3987 ι.
561 3940 617 3997 129,
627 3942 739 4001 populum
752 3956 799 3988 rer-
867 3942 925 3990 137.
943 3941 1007 3995 Quin
1026 3956 1053 3989 er
1068 3960 1121 4005 quo,
1137 3942 1197 4008 quin
1215 3946 1313 3994 Orestes
1323 3946 1354 3994 ab
1364 3962 1395 3997 eo

241 4020 321 4063 cornu
340 4020 389 4054 non
402 4004 467 4073 enim
482 4002 572 4053 dixisse
583 4003 676 4053 videtur
686 4003 801 4055 Horatius
833 4004 889 4053 inde
912 4012 1026 4080 ternpore,
1045 4022 1102 4070 quo.
1125 4008 1191 4056 crede
1212 4016 1355 4075 perpetrata,
1378 4026 1394 4060 a

242 4084 333 4117 morem
350 4077 375 4118 et
392 4066 463 4117 umal
481 4078 585 4125 matrem,
601 4067 643 4118 sed
660 4067 801 4117 anmemvel
834 4067 939 4118 Furiisa
957 4069 1202 4122 rtatusessedicitur.
1228 4074 1393 4137 Esquildtt·

242 4143 354 4183 matrem.-
371 4132 406 4182 ci.
422 4131 453 4182 ad
472 4134 523 4181 Sat.
543 4132 645 4197 praeced.
661 4148 685 4180 v.
704 4134 746 4191 81,
758 4131 800 4181 ubi
833 4140 879 4191 tas,
898 4086 1009 4197 negieots
1024 4134 1132 4193 elisione,
1152 4144 1180 4184 ut
1198 4152 1228 4185 sn
1247 4175 1253 4187 .
1273 4138 1290 4195 i,
1310 4141 1336 4195 9,
1352 4142 1394 4190 38.

242 4210 284 4262 pro
295 4200 378 4261 aliqroe
389 4196 516 4261 legendum
527 4206 565 4247 est
574 4198 650 4247 ubine.
836 4198 900 4246 Male
912 4207 978 4255 tate,
989 4199 1053 4247 male
1063 4214 1143 4248 sane:
1161 4199 1211 4250 vid.
1222 4154 1245 4249 li

276 4262 332 4312 1³⁴2.
345 4263 413 4316 ,Quid
422 4263 500 4311 enimi
517 4277 559 4311 cur
573 4262 638 4310 enim
657 4274 706 4309 noa
722 4259 755 4311 sis
765 4260 802 4309 in·
869 4262 926 4312 139.
944 4263 1059 4326 Pyladen,
1084 4264 1198 4323 amicitia,
1218 4282 1274 4331 qua
1295 4268 1318 4318 ei
1338 4285 1395 4319 cum

243 4325 333 4375 columi
344 4324 422 4399 capite
432 4326 470 4375 vel
481 4340 541 4374 sana
550 4326 647 4375 mantel
676 4324 804 4375 Stertinius
837 4327 923 4377 Oreste
932 4326 1102 4385 intercedebat,
1114 4329 1298 4379 nobilissimam.

243 4389 337 4439 scilicet
363 4390 468 4448 simulat,
496 4404 521 4438 se
548 4404 645 4439 eausam
673 4388 804 4440 metanda
870 4391 1395 4459 limitandum:etEaripomcv.

243 4468 313 4519 agere
327 4454 400 4511 velle,
411 4462 435 4504 et
446 4453 480 4503 sic
492 4468 548 4503 cum
563 4453 670 4503 irrisione
688 4468 731 4519 per
746 4456 802 4517 quid
834 4457 893 4507 ‘259-
923 4455 996 4504 Hunc
1015 4458 1093 4512 aliud,
1108 4461 1183 4521 jussit
1199 4463 1259 4523 quod
1275 4462 1396 4522 splendido

243 4522 320 4567 enimi
337 4518 454 4577 concedit,
465 4518 532 4585 qnod
545 4532 587 4595 pro
598 4518 702 4567 maximo
714 4520 803 4569 scelera
835 4523 898 4578 bilis,
910 4518 976 4569 hunc
992 4521 1101 4569 vocando
1113 4522 1180 4571 aliud
1191 4523 1324 4599 quidpiam,
1336 4526 1361 4574 h.
1372 4541 1396 4577 s.

242 4582 323 4633 habet
357 4584 414 4641 Pro,
433 4584 497 4638 Quid
513 4598 574 4631 enam
592 4581 659 4631 dedit
677 4582 804 4634 Bentleins
835 4584 861 4633 in
884 4584 950 4635 hunc
964 4584 1077 4650 jaciendo
1099 4586 1166 4635 aliud
1186 4588 1290 4637 convicii
1310 4604 1395 4654 genus,

242 4662 273 4697 ex
284 4646 455 4697 nonnullorum
461 4646 539 4697 Codd.
550 4646 691 4697 auctoritate
699 4648 804 4701 Quidni?
836 4650 901 4714 quod
917 4648 1081 4723 suppeditavit
1096 4649 1218 4701 nonaum
1228 4653 1267 4701 vel
1278 4655 1396 4717 generosi·

241 4711 283 4765 aad
293 4713 359 4765 hauc
369 4713 497 4765 lectionem
505 4724 548 4779 pro
557 4708 750 4779 interpretatione
760 4714 804 4765 τοῦ
836 4713 884 4765 oris
899 4728 974 4763 anam
985 4713 1059 4767 furor.
1092 4714 1131 4765 Sic
1143 4715 1191 4768 lere
1204 4720 1324 4780 ponne
1332 4736 1396 4769 ssen-

1245 4202 1305 4253 entl.
