3659 5892
680 516 845 585 LIBER
867 515 895 597 1,
918 517 951 583 6.

327 670 408 739 Non
421 669 527 736 minus
541 670 671 756 ignotos
685 670 863 756 generosis.
910 669 989 743 Quo
1002 668 1074 748 tibi,
1088 666 1191 745 Tulli,

255 774 309 839 '25
330 774 465 839 Sumere
481 772 667 857 depositum
681 772 817 851 clerum,
829 771 968 857 fierique
980 772 1134 837 tribunoi

329 875 458 942 invidis
472 874 624 953 accrevit,
641 875 771 960 privato
786 896 859 959 quae
873 873 979 939 minor
992 883 1090 939 esset.

329 977 418 1043 Nem
432 986 470 1041 ut
484 978 622 1061 quisque
636 978 769 1041 insanus
783 976 885 1061 nigris
899 975 1041 1043 medium
1054 972 1203 1059 impediit
1216 992 1292 1038 erus

330 1079 489 1157 Pellibus,
505 1090 538 1145 et
551 1080 653 1145 letum
668 1079 797 1144 demisit
811 1088 946 1163 pectore
960 1076 1102 1155 clarum3

329 1181 437 1248 Audit
451 1182 616 1260 continuo,
633 1180 718 1256 Quis
733 1180 830 1247 homo
844 1181 910 1259 hic,
926 1190 984 1245 eut
998 1202 1064 1265 quo
1077 1189 1171 1264 petre
1185 1176 1306 1241 natust

266 1284 310 1351 80
331 1284 391 1362 Ut,
408 1285 436 1349 si
451 1286 507 1369 qui
521 1294 671 1369 aegrotet,
687 1306 753 1368 quo
767 1284 882 1348 morbo
897 1282 1034 1360 Barrus,
1049 1279 1165 1345 heberi

330 1386 378 1451 Et
392 1388 503 1473 cupiet
517 1385 689 1463 formosus,
704 1396 757 1450 eet
771 1406 977 1469 quecunque,
992 1382 1110 1469 puellis

331 1488 461 1576 Injiciet
475 1511 586 1555 curem
601 1487 770 1573 quaerendi
786 1486 931 1573 singule,
954 1486 1043 1571 quali

332 1590 383 1655 Sit
397 1589 492 1669 fecie,
506 1612 593 1669 sura,
608 1590 698 1675 quali
711 1590 808 1675 pede,
825 1590 936 1667 dente,
951 1587 1086 1674 capillo:

333 1691 399 1771 sie,
415 1694 473 1777 qui
486 1692 658 1778 promittit,
674 1692 772 1769 cives,
788 1692 903 1757 urbem
919 1691 983 1756 eibi
996 1712 1095 1769 curm,

268 1794 312 1859 35
333 1794 510 1881 Imperium
523 1794 605 1873 sore,
620 1804 654 1859 et
670 1793 808 1873 Italiam,
824 1802 857 1859 et
872 1792 1011 1859 delubra
1025 1791 1191 1870 Deorum3

333 1897 411 1970 Quo
425 1908 519 1983 petre
534 1897 577 1960 sit
591 1906 698 1975 nstris,
715 1918 792 1961 num
806 1896 919 1981 ignote
932 1904 1036 1960 metre
1050 1892 1254 1973 inhonestus,

335 1999 459 2064 Omnes
474 1996 626 2063 mortales
642 2019 756 2064 curere
771 2008 805 2063 et
820 2019 967 2082 quserere
982 1997 1081 2081 cogit.

333 2099 431 2165 Tune
446 2098 533 2185 Syri,
550 2098 677 2179 Dsmoe,
694 2110 751 2165 sut
766 2099 908 2187 Dionysi
922 2098 1021 2177 iilius,
1037 2098 1140 2165 sudes

333 2202 489 2288 Dejicere
504 2224 523 2266 e
538 2224 618 2267 sexo
633 2202 731 2281 cives,
747 2212 804 2269 sut
818 2202 949 2268 tradere
964 2202 1112 2267 Cedmoi

248 2389 311 2449 buit,
327 2388 386 2456 quid
402 2404 455 2445 nos,
473 2386 515 2454 qui
534 2386 575 2437 lon
625 2388 714 2439 rectius
735 2388 808 2465 vulgo
841 2389 892 2444 Qus
906 2388 1081 2455 milifortem
1097 2392 1118 2439 si
1132 2406 1178 2439 sess
1195 2390 1329 2439 msesditur
1343 2393 1401 2440 uts'i

248 2454 335 2506 sentire
355 2452 473 2509 ridemur,
496 2452 527 2501 de
549 2468 580 2501 no
597 2452 673 2503 ilitste
695 2452 808 2509 hominis,
842 2452 907 2502 Tulli
919 2454 1001 2518 (istst,
1016 2454 1099 2504 Bentl.
1114 2454 1194 2519 Fse):
1213 2454 1295 2503 schol.
1313 2454 1399 2519 Cruq„

267 2518 329 2568 nelis
347 2526 384 2569 est
404 2518 528 2574 Latinus,
545 2516 653 2583 judicare
674 2516 807 2567 debemust
841 2516 933 2567 Tullius
959 2521 997 2567 bie
1021 2528 1103 2567 mustis
1125 2528 1199 2568 erotus
1220 2528 1253 2567 sst
1274 2536 1290 2567 s
1312 2520 1401 2568 Cesors

277 2598 363 2650 amque
377 2583 505 2647 lingarum,
517 2581 632 2647 populum
645 2582 718 2631 malle
729 2583 807 2631 Levi·
839 2586 905 2645 qussi
920 2582 1087 2646 Pompeianus:
1104 2586 1175 2633 oeeiso
1189 2600 1241 2632 sero
1259 2583 1347 2631 Cesset
1361 2600 1399 2633 rs·

250 2645 809 2776 simmitiistiititisiiiti
840 2648 1400 2777 i‘dliffliiiibiiidssiiimffii?

249 2793 289 2827 ms
304 2776 367 2833 ideo,
387 2747 445 2841 duis
461 2789 509 2823 nnn
526 2788 603 2824 essem
621 2782 688 2840 psus
704 2776 809 2839 ingenuo
841 2776 915 2825 tusus
925 2777 1119 2842 militensem
1134 2786 1177 2825 sss.
1209 2776 1401 2832 desertando

250 2850 330 2898 uenis,
358 2848 443 2889 senatu
469 2854 578 2901 mererej
618 2838 716 2888 uidnsm
740 2839 808 2904 judi·
840 2838 942 2905 integro.
976 2841 1119 2903 Depositum,
1139 2849 1224 2891 senatu
1241 2840 1305 2889 enim
1320 2850 1401 2891 motus

251 2904 355 2955 esndnm
366 2904 445 2954 esssti
461 2902 573 2969 equidem
581 2854 723 2977 jddissrem,
734 2903 759 2952 id
770 2904 809 2955 vel
840 2902 958 2969 deponere
977 2904 1080 2956 debebst
1097 2906 1191 2971 insigne
1205 2914 1349 2962 sensmmm,
1364 2908 1400 2955 io-

223 2988 231 2999 ·
250 2970 335 3019 merito
345 2970 435 3017 facturn
446 2982 507 3025 esse,
517 2981 631 3033 quomam
642 2967 772 3018 noluissem
783 2968 809 3018 in
842 2978 891 3017 tum
911 2972 1003 3019 elusum
1024 2970 1141 3033 (limbum
1161 2984 1306 3036 purpureum
1328 2972 1402 3021 vestis

251 3043 313 3085 sorte
334 3048 388 3083 mes
410 3040 433 3083 et
454 3031 509 3081 rite
528 3048 588 3081 mee
611 3032 745 3083 conditione
768 3049 809 3083 sc·
841 3047 907 3081 orsm
926 3033 1100 3097 ambientem:
1117 3034 1150 3083 ci.
1165 3034 1196 3083 sd
1213 3038 1265 3084 Set.
1282 3034 1300 3090 i,
1317 3038 1341 3092 5.
1359 3038 1401 3087 36.

251 3100 390 3164 quieseers3
406 3097 622 3147 verumenimvero
640 3096 708 3161 (ssd)
722 3096 756 3147 sic
772 3108 810 3147 est
843 3096 955 3154 Tritum,
967 3098 1055 3148 Grssee
1072 3114 1124 3165 pro,
1139 3098 1262 3149 tribunum
1275 3116 1281 3146 s
1297 3101 1330 3150 ci.
1346 3117 1401 3177 sup.

251 3162 374 3213 hominum
395 3160 526 3226 ingenium,
549 3160 667 3226 ignobiles
690 3177 758 3227 mque
780 3178 808 3212 se
841 3160 1069 3218 assissinis.
1095 3164 1153 3212 Erat
1169 3173 1250 3214 sutem
1267 3180 1340 3229 penes
1357 3175 1400 3214 tn-

252 3226 413 3277 nobilessunt
425 3225 537 3289 glories
623 3224 718 3275 tissimi.
752 3226 808 3285 Nos,
840 3226 918 3275 bunos
940 3242 1037 3341 qnoppe
1049 3230 1094 3290 jus
1116 3229 1161 3276 uss
1180 3231 1261 3278 etesi.-
1281 3230 1336 3281 Cic.
1358 3245 1401 3297 pm

253 3306 288 3341 se.
300 3307 338 3341 me
349 3289 452 3347 stallos,
464 3290 507 3356 qni
523 3300 587 3340 utre
597 3290 639 3339 rul
673 3290 808 3357 ssspiunt.
841 3290 976 3341 cruente.
1021 3326 1029 3341 .

252 3356 338 3406 Decio.-
355 3352 526 3420 intelligendus
541 3362 578 3405 est
593 3355 625 3404 P.
640 3304 734 3403 §locius
751 3356 810 3405 Mus
874 3357 915 3404 27.
936 3356 977 3412 Ut,
1039 3364 1132 3421 tqusm,
1147 3355 1259 3406 simulne.
1292 3357 1400 3417 Insanus,

253 3420 322 3487 (Lis.
339 3418 391 3477 viii,
408 3418 449 3483 9),
461 3418 512 3485 qui,
523 3426 551 3468 ut
565 3418 659 3475 Cicero,
678 3418 749 3468 homo
766 3418 812 3469 iuit
841 3417 884 3483 qui
892 3418 966 3469 stulte
974 3420 994 3469 si
1012 3419 1105 3487 'plecet
1113 3421 1250 3471 inexternis
1258 3420 1401 3486 insignibus,

253 3502 332 3543 novus,
344 3484 369 3533 h.
379 3500 403 3534 e.
414 3484 506 3550 primus
520 3484 563 3548 qui
579 3498 593 3533 e
610 3482 702 3531 semilis
718 3498 762 3531 sus
780 3482 811 3533 sd
842 3482 913 3532 homo
934 3498 1030 3544 senus3
1057 3484 1115 3534 hino
1137 3484 1182 3534 ini.
1204 3488 1256 3535 Set.
1278 3485 1305 3543 ii,
1326 3486 1351 3541 2,
1376 3491 1401 3544 5,

252 3550 415 3614 magistratum
426 3548 568 3613 perveniret.
600 3548 706 3611 Appiis:
722 3547 811 3598 intelli·
835 3546 955 3613 fulgorss,
978 3548 1066 3661 (pibus
1090 3548 1285 3615 exsplsndsseere
1305 3550 1403 3602 student

254 3613 347 3677 gendos
357 3620 395 3662 est
405 3612 502 3687 Appius
513 3612 631 3663 Claudius
642 3611 756 3669 Pulcher,
769 3612 811 3677 qui
843 3610 968 3668 beatiores,
1003 3613 1098 3663 ieuntur
1113 3616 1200 3663 insunt.
1235 3615 1317 3679 Nigris
1331 3618 1401 3677 peiti-

253 3693 346 3727 summs
360 3685 485 3727 severitate
498 3692 622 3727 censuram
637 3676 740 3741 gessisse
751 3676 812 3725 disi-
843 3677 899 3725 tus:
917 3677 948 3726 sd
958 3676 1063 3742 insignis
1073 3677 1215 3727 nobiliorum
1230 3686 1255 3727 st
1265 3688 1402 3730 sesamum

253 3748 305 3791 tur:
332 3741 377 3793 cie
394 3743 425 3792 de
442 3740 500 3791 Dis.
511 3741 529 3798 i,
543 3742 582 3791 16.
614 3740 648 3799 Si,
660 3740 723 3797 ideo,
736 3740 811 3806 quod.
842 3740 994 3806 pertinebant
1003 3758 1099 3817 quoqne
1112 3742 1175 3817 nigri
1189 3742 1275 3791 eoloris
1285 3743 1402 3808 corrigite,

253 3806 284 3855 in
348 3810 402 3869 pris
424 3808 501 3869 petis:
521 3821 564 3872 per
587 3806 670 3869 pellem
693 3808 812 3869 propr-ism
842 3805 932 3869 quibus
946 3807 1045 3856 interse
1059 3806 1403 3873 impeditisemeisdsuinge-

253 3868 302 3920 inte
313 3870 360 3935 lige
374 3878 460 3920 sortem
474 3870 563 3935 suique
577 3870 706 3983 proprian,
725 3878 812 3920 sorum
843 3870 931 3919 buntur
941 3870 1027 3921 eslcei.

253 3933 278 3983 in
300 3948 350 3999 que
388 3936 425 3985 uis
446 3942 517 3983 natus
538 3942 583 3983 est.
639 3948 731 3983 msmus
751 3934 813 3983 hunc
877 3936 984 3984 sto-ss.
1003 3934 1045 3993 Ut,
1057 3938 1086 3993 ss',
1098 3944 1156 3985 cett.
1167 3950 1269 3986 sensns:
1286 3939 1402 4003 quemad-

253 3998 361 4064 prorerbi
386 4014 424 4049 em
441 3998 585 4048 locutionem
601 3998 714 4065 repetite
730 3998 814 4048 isbuls
843 3998 950 4055 modum,
962 3997 984 4048 si
999 3998 1056 4065 quis
1072 4000 1155 4050 eodem
1175 4018 1223 4065 quo
1240 4002 1330 4051 Barrus
1345 4004 1404 4054 vitio

256 4062 342 4130 AEsopi
365 4063 395 4114 de
419 4062 487 4112 esino
511 4064 630 4119 Cumano,
653 4063 695 4127 qui
717 4062 815 4112 leonins
843 4061 944 4120 laboret,
967 4063 994 4113 h.
1017 4080 1040 4113 e.
1062 4063 1178 4115 lormosus
1203 4066 1285 4117 haberi
1312 4068 1402 4145 cupiat,

255 4128 318 4194 pelle
338 4127 438 4176 indutus
460 4128 499 4176 leo
521 4127 604 4177 heberi
621 4127 707 4177 voluit.
751 4128 811 4176 Coss·
844 4142 926 4176 curem
965 4128 1045 4186 uellis,
1069 4145 1216 4194 quecunque
1237 4140 1286 4187 est,
1310 4130 1404 4197 injiciat

253 4195 361 4250 missos,
378 4206 434 4241 nem
452 4190 536 4241 Gloria
548 4192 651 4241 vinculis
668 4191 738 4256 qussi
755 4208 812 4241 con·
844 4208 926 4256 quere
959 4192 1081 4258 isinguls,
1099 4195 1166 4258 qnsii
1179 4195 1290 4253 sitlscie,
1302 4198 1404 4247 setteis

254 4255 349 4321 stringit
366 4256 413 4305 sibi
430 4253 542 4316 deditos;
559 4272 601 4322 pro
612 4256 712 4321 vulgari,
730 4264 813 4369 captos
844 4256 874 4312 is,
892 4256 936 4332 qui
952 4258 1051 4306 summis
1068 4258 1196 4308 bonoribus
1211 4268 1309 4309 ornatus
1326 4278 1403 4311 rerum

255 4319 378 4386 splendore
395 4320 493 4387 glorie:
510 4320 554 4369 ini.
573 4321 650 4387 Epist.
668 4320 695 4376 ii,
714 4323 737 4377 1,
772 4320 813 4378 77,
845 4322 995 4386 publicarum
1017 4322 1164 4373 defensorem
1185 4323 1224 4372 vel
1243 4340 1321 4374 rernm
1342 4326 1404 4375 divi-

254 4402 338 4433 surrus
356 4386 443 4433 Glorie
459 4384 548 4434 dicitur
558 4385 812 4443 vestanensem
844 4400 930 4435 narum
950 4394 1083 4437 curatorem
1109 4404 1136 4437 se
1163 4388 1292 4454 profitetur,
1315 4406 1404 4439 nnum-

254 4447 378 4514 splendore
389 4448 495 4513 fulgens.
522 4448 618 4515 ignotus
629 4464 680 4515 pro,
691 4448 813 4515 ignobilis,
844 4464 915 4515 quem
934 4466 966 4501 ue
975 4450 1007 4501 de
1017 4467 1062 4501 sus
1072 4451 1171 4516 origine,
1182 4460 1263 4501 utrum
1273 4454 1361 4503 nobilis
1372 4471 1405 4506 an

255 4512 343 4579 possim
353 4514 417 4579 spud
429 4512 564 4563 Horatium.
842 4468 957 4579 ignobilis
979 4516 1019 4574 sit,
1037 4532 1142 4581 querere
1156 4514 1229 4580 cogit.
1270 4518 1310 4566 De
1328 4518 1405 4568 Bam

287 4578 394 4627 24-29.
412 4578 463 4633 Qus
478 4578 600 4643 (entique,
616 4584 645 4627 ut
657 4576 758 4636 ridetur,
771 4594 813 4644 pro
844 4580 877 4629 cl.
895 4594 949 4646 sup.
969 4580 1000 4629 sd
1018 4582 1069 4630 Set.
1088 4582 1111 4637 1,
1129 4582 1153 4637 4,
1175 4582 1231 4630 110.
1264 4582 1353 4631 Hateri
1373 4586 1404 4633 Et

256 4644 317 4705 qnos,
329 4641 384 4717 eui)
397 4644 449 4698 tibi,
460 4642 556 4692 cuinam
568 4642 693 4692 commodo
704 4642 749 4693 tibi
758 4642 812 4698 iuit,
845 4646 926 4705 cupiat
941 4642 1074 4710 formosus:
1097 4644 1158 4702 sitii,
1180 4645 1245 4709 qnod
1266 4647 1341 4695 Burro
1362 4649 1404 4697 tri·

256 4704 315 4771 quid
336 4706 380 4756 tibi
400 4706 501 4773 proluit:
530 4706 576 4759 inf.
598 4706 676 4773 Epist.
694 4707 711 4765 i,
729 4710 753 4767 5,
773 4708 812 4765 12,
843 4708 935 4764 buitur,
957 4723 1034 4773 genus
1050 4709 1102 4774 jem
1124 4709 1272 4774 designetur,
1293 4711 1406 4779 cupiebat
