3659 5892
450 534 516 601 396
862 524 1187 603 SATIRARUM

538 685 761 773 Pythagoran,
777 687 947 775 Anytique
961 714 1064 769 reum,
1080 693 1279 776 doctumque
1295 690 1456 767 Platone,

538 787 714 854 Peccatum
727 789 845 869 fateor,
860 815 961 876 quum
976 804 1009 857 te
1025 795 1073 858 sic
1088 803 1235 878 tempore
1248 792 1331 857 ltevo

485 890 506 953 5
538 888 792 975 Interpellsrim:
816 893 876 957 sed
890 894 950 958 des
965 895 1092 958 veniam
1105 896 1224 971 bonus,
1237 916 1306 959 oro.

538 990 639 1065 Quod
655 994 682 1056 si
697 994 899 1059 interciderit
915 996 976 1060 tibi
989 1017 1077 1060 nunc
1092 995 1228 1079 aliquid,
1243 1006 1374 1080 repetes
1387 1016 1465 1059 mox
1474 1008 1486 1072 '3

539 1092 615 1157 Sive
630 1106 681 1159 est
695 1106 820 1161 neturae
834 1096 911 1174 hoc,
926 1097 994 1162 sive
1009 1098 1100 1175 artis,
1116 1099 1217 1162 mirus
1231 1108 1383 1180 utroque.

537 1193 628 1266 Quin
643 1196 677 1259 id
695 1208 765 1261 erat
779 1220 878 1276 curae,
895 1220 961 1282 quo
975 1208 1074 1282 pscto
1089 1210 1208 1263 cuncta
1221 1209 1377 1274 tenerem,

537 1294 664 1380 Utpote
680 1319 731 1361 res
747 1310 873 1376 tenues,
889 1300 980 1364 tenui
995 1320 1143 1363 sermone
1158 1310 1319 1383 peractus.

477 1397 517 1461 10
538 1396 613 1461 Ede
628 1397 766 1462 hominis
782 1421 909 1476 nomen,
926 1398 1022 1463 simul
1035 1410 1081 1477 et,
1096 1399 1267 1464 Romanus
1281 1422 1325 1463 sn
1338 1397 1471 1483 hospes.

538 1496 616 1582 Ipse
630 1522 752 1565 memor
766 1511 933 1585 praecepts
947 1522 1078 1579 cenam3
1101 1500 1261 1566 celabitur
1275 1510 1401 1565 auctor.

539 1598 656 1685 Longa
670 1602 790 1685 quibus
805 1601 905 1667 socies
921 1603 991 1667 ovis
1005 1602 1080 1678 erit,
1094 1601 1150 1666 ille
1163 1611 1337 1677 memento,

442 1716 451 1731 ·
539 1699 587 1764 Ut
602 1704 691 1767 succi
705 1703 845 1769 melioris
861 1713 894 1767 et
908 1713 947 1767 ut
960 1704 1064 1787 magis
1079 1703 1162 1767 slms
1176 1704 1339 1779 rotundis,

538 1801 687 1867 Ponere:
710 1826 848 1888 numque
863 1826 984 1869 marem
998 1803 1154 1870 cohibent
1167 1804 1289 1869 callosa
1302 1802 1457 1867 vitellum.

476 1904 516 1967 15
538 1903 640 1967 Csule
657 1905 857 1983 suburbano,
874 1906 932 1989 qui
945 1906 1040 1971 siccis
1054 1906 1157 1970 crevit
1171 1905 1206 1969 in
1220 1906 1320 1991 egris,
1361 1905 1365 1911 ’

451 2086 495 2121 cur
505 2086 560 2121 eum
577 2072 611 2119 its
625 2071 745 2137 appellere
762 2082 838 2139 poete
848 2074 973 2140 plicuerit,
985 2075 1010 2125 id
1042 2074 1114 2124 cu'us
1131 2074 1242 2124 inventor
1259 2074 1395 2124 Simonides
1411 2072 1487 2123 fuine
1503 2071 1602 2121 truditur

451 2151 517 2185 nunc
537 2135 665 2191 nescimus,
677 2152 720 2185 nec
739 2137 764 2186 id
778 2139 839 2187 seire
854 2138 1010 2203 cujusqusm,
1044 2090 1114 2203 (dic.
1123 2138 1155 2188 de
1165 2140 1263 2187 Invent.
1273 2138 1301 2195 ii,
1313 2138 1371 2201 86).

467 2208 518 2257 uto,
542 2199 634 2249 Horatii
661 2200 756 2249 lectoris
778 2202 881 2251 multum
903 2202 1011 2252 interest.
1075 2205 1101 2259 8,
1117 2204 1145 2251 9.
1166 2204 1232 2257 Quis
1252 2205 1277 2250 id
1304 2211 1355 2250 erut
1376 2219 1447 2258 sure,
1470 2217 1524 2264 oso,
1545 2210 1603 2250 cett.

451 2216 567 2312 ilorstius
578 2264 642 2313 enim
657 2264 719 2313 bsnc
735 2266 831 2313 sautem
845 2266 949 2331 scripsit,
959 2282 1009 2315 nou
1041 2266 1101 2331 quin
1121 2266 1168 2315 boc
1186 2265 1266 2331 ipsum
1279 2266 1331 2330 jem
1347 2268 1458 2329 qsbsm,
1478 2274 1509 2312 ut
1522 2265 1603 2314 omnis

451 2336 479 2375 ut
490 2328 596 2383 Catium,
608 2327 651 2376 sed
662 2339 689 2377 ut
704 2328 812 2377 homines
830 2330 901 2378 Catio
919 2330 1011 2379 similes
1041 2329 1100 2377 mihi
1111 2330 1199 2379 tradite
1233 2338 1337 2395 recepta
1350 2329 1450 2377 memori
1466 2328 1548 2376 suisne
1565 2344 1601 2377 re-

451 2390 545 2441 rideret.
578 2392 746 2441 Amicissimus
759 2396 848 2442 Mense
860 2393 885 2440 in
900 2392 962 2443 libro
971 2394 1010 2442 in·
1043 2409 1074 2458 po
1155 2428 1163 2443 .
1203 2346 1350 2449 inmun,
1361 2393 1472 2448 subtiles,
1483 2392 1602 2442 subtiliter

450 2456 546 2568 &dil
564 2456 750 2570 {ittet}
768 2459 1010 2570 ilillwg‘ltsl
1040 2458 1188 2569 mi
1197 2458 1456 2570 ,3233prss
1464 2459 1602 2568 'liiii

451 2554 591 2632 Rdmsnum
609 2592 633 2631 et
650 2600 675 2632 rs
694 2585 833 2649 coquinaria
850 2536 956 2633 risibilius
972 2585 1009 2633 ls-
1041 2557 1112 2633 etissi
1128 2588 1205 2633 tersis
1220 2538 1347 2647 gratusque
1358 2556 1474 2632 serendii:
1491 2585 1602 2648 exempli

451 2656 499 2696 tere
510 2649 660 2712 suspicatum
678 2660 741 2697 certe
759 2649 810 2697 brec
825 2648 932 2713 suspicio
942 2658 1008 2698 cete·
1042 2648 1212 2703 Ciceroniana,
1223 2649 1267 2696 ubi
1278 2652 1355 2697 tensis
1365 2661 1416 2713 pto,
1427 2646 1524 2696 subtilis
1533 2649 1601 2713 poni-

451 2712 491 2769 ris,
515 2728 569 2775 que
591 2712 622 2759 eb
643 2710 810 2778 interpretibus
835 2712 916 2760 sllste
942 2723 1007 2772 sunt,
1040 2710 1600 2769 tur,vid.inmnest.ctrv.ctc.s.v.temu.

451 2776 597 2839 preferenda
606 2774 707 2825 videtur.
1042 2778 1161 2831 Pes-setus,
1173 2776 1280 2834 traditus,
1290 2776 1420 2841 expositus.

487 2842 508 2895 l,
521 2842 545 2889 2.
567 2840 642 2895 Unde,
652 2852 674 2888 et
684 2858 728 2903 qtto
740 2839 953 2903 Catiustvutgnris
963 2840 1007 2887 ob·
1075 2841 1115 2888 10.
1137 2840 1251 2898 Hominis,
1268 2854 1305 2888 sc.
1321 2839 1387 2904 apud
1405 2854 1478 2903 quem
1497 2852 1536 2887 tet
1552 2837 1600 2887 ille

451 2901 501 2951 rios
518 2902 655 2968 alloquendi
674 2902 787 2951 formula:
822 2919 876 2968 sup.
887 2907 938 2952 Sat.
950 2903 968 2960 i,
980 2906 1006 2958 9,
1039 2903 1140 2953 subtiles
1149 2912 1258 2953 tractate
1268 2911 1334 2951 sunt.
1408 2944 1412 2954 .

451 2968 492 3025 62,
508 2968 574 3016 Unde
591 2970 661 3024 venis,
678 2978 700 3015 et
719 2984 762 3029 quo
778 2970 867 3016 tendis?
894 2966 1009 3015 Similiter
1073 2970 1113 3016 ll.
1138 2969 1260 3015 Celobitsr
1277 2978 1375 3015 ductor:
1397 2964 1453 3030 quis
1470 2964 1544 3015 luerit
1557 2966 1600 3015 ille

451 3031 499 3079 iere
510 3031 627 3095 Virgilius
641 3030 761 3080 exorditur
776 3031 892 3095 Eclogsm
911 3046 1008 3087 nonem,
1039 3031 1112 3095 cujus
1130 3046 1220 3080 nomeu
1241 3038 1312 3096 poete
1328 3030 1419 3086 reticet,
1435 3030 1476 3077 six
1499 3044 1542 3078 eos
1558 3030 1600 3093 qui

452 3096 504 3149 Qno
522 3104 552 3150 te,
573 3096 651 3149 diceri,
670 3098 752 3156 pedes?
768 3112 809 3151 on,
822 3114 865 3157 quo
879 3097 918 3143 oio
933 3098 1008 3151 ducit,
1041 3104 1091 3143 tum
1107 3095 1220 3145 visebant
1230 3096 1302 3144 latere
1313 3094 1401 3160 potnit.
1434 3093 1600 3143 rutstomsse

449 3162 476 3209 in
495 3162 591 3207 urbem?
625 3160 678 3207 Non
698 3169 730 3207 est
747 3160 804 3205 miii
823 3169 910 3232 tempus
928 3162 1007 3207 aventi
1038 3158 1183 3223 virquidem
1198 3158 1309 3214 nobilior,
1321 3159 1394 3222 cujus
1410 3156 1599 3207 irsmcontrsss

451 3223 539 3270 Ponere
556 3226 622 3287 signo
640 3226 702 3271 novis
717 3227 848 3285 preceptis.-
863 3238 914 3286 Jsm
926 3232 1006 3271 mum
1038 3222 1129 3271 irritsre
1141 3223 1228 3272 noluit.
1260 3224 1373 3272 Ceterum
1387 3221 1427 3269 hic
1442 3221 1495 3293 ipse
1504 3221 1600 3269 subtilis

450 3287 622 3335 contabulandi
632 3286 698 3335 deest
708 3286 819 3335 mibitenr
837 3303 875 3341 us,
883 3286 1007 3335 festinanti
1038 3302 1149 3352 saporum
1165 3286 1241 3350 judex
1257 3295 1283 3335 et
1300 3284 1522 3351 experientissimus
1539 3301 1599 3352 pre·

449 3351 543 3426 scilicet
553 3366 626 3425 nova..
636 3368 691 3425 quse
703 3350 773 3399 modo
787 3305 878 3427 audiri,
890 3360 1011 3416 precepta
1040 3351 1316 3425 stentiommepulssum
1327 3350 1457 3423 estimetur
1467 3358 1599 3412 etquems·

449 3416 719 3537 ttttttttttttt.
737 3416 1010 3543 ,ltt'tgtttttt
1039 3413 1424 3544 ffilffifflbll?
1434 3428 1530 3461 Μ
1548 3428 1598 3461 '³²'

449 3544 571 3593 mandare.
609 3544 674 3591 Novo
687 3552 798 3605 precepto
817 3541 1008 3591 versabanturin
1074 3544 1167 3600 1213.
1183 3543 1265 3605 Longo
1282 3541 1453 3606 quibssssoeies
1468 3543 1524 3597 oris,
1541 3548 1598 3589 cett.

448 3608 596 3673 designando
615 3624 701 3665 rerum,
717 3622 731 3655 e
749 3605 1007 3671 quibusleutaeepulse
1039 3606 1103 3655 Satis
1119 3614 1222 3662 coustst,
1241 3608 1268 3654 in
1288 3604 1366 3654 coenis
1387 3603 1451 3670 apud
1475 3604 1599 3667 Romana

449 3684 595 3738 pararentur,
614 3670 693 3727 modo,
712 3670 750 3719 vel
769 3686 886 3728 mensura,
936 3669 1009 3718 odere
1039 3670 1142 3735 primum
1155 3686 1196 3717 ooo
1211 3677 1237 3718 et
1252 3678 1396 3735 postremum
1411 3670 1474 3715 nolo
1489 3684 1522 3734 sp
1566 3668 1572 3679 '

449 3746 506 3787 cett.
515 3739 548 3787 ita
558 3735 665 3801 quidem,
674 3744 701 3784 ut
713 3734 781 3799 plum
792 3734 890 3783 tortasse
902 3686 1006 3790 iievius,
1039 3750 1101 3796 esse,
1123 3733 1188 3782 uude
1205 3742 1288 3781 ustum
1305 3740 1342 3781 est
1359 3732 1422 3780 illud
1438 3684 1597 3797 pmseriidm,

447 3804 512 3866 signo
529 3800 692 3849 tantummodo
709 3798 790 3861 aliquo
800 3802 881 3859 posito,
894 3807 1003 3845 notaren-
1037 3801 1065 3846 ab
1075 3802 1122 3847 oris
1136 3814 1206 3860 mous
1221 3800 1253 3845 sd
1269 3799 1331 3845 noto
1347 3797 1417 3860 (sup.
1431 3798 1482 3843 Set.
1493 3794 1510 3852 i,
1523 3798 1548 3850 3,
1557 3798 1596 3858 7).

448 3876 495 3923 tur,
515 3866 550 3914 uti
569 3866 617 3913 iere
636 3863 723 3911 medici
741 3862 815 3909 nostri
837 3861 1007 3925 componendis
1038 3863 1135 3925 ltsque,
1162 3859 1204 3924 qui
1226 3877 1291 3910 nunc
1316 3858 1347 3908 de
1373 3860 1451 3924 epulis
1478 3860 1598 3909 subtiliter

448 3930 625 3994 miscendisque
634 3926 830 3977 medicaminibus
835 3929 902 3989 signo
910 3932 1003 3974 tuntum
1036 3924 1183 3973 sstimsudis
1192 3933 1265 3990 etque
1274 3922 1437 3988 dijudicandis
1447 3924 1520 3972 verba
1530 3924 1596 3981 lecit,

446 4012 528 4057 ponere
547 3995 633 4043 solent.
671 3992 745 4049 Novo,
769 3990 851 4054 qualis
871 4004 886 4037 a
908 3989 1004 4038 nemius
1036 3998 1137 4043 serrato,
1164 4004 1213 4053 quo
1241 3989 1289 4036 itte
1316 3988 1343 4037 in
1369 4002 1443 4037 coens
1471 4003 1499 4036 se
1530 3988 1597 4036 esci·

449 4060 527 4107 adbuc
537 4056 658 4122 proposita
667 4062 732 4104 sunt.
1035 4068 1091 4118 pere
1106 4052 1225 4109 solebant,
1236 4052 1329 4106 ordine,
1339 4052 1443 4116 primum
1453 4050 1596 4099 seutentiam

481 4124 506 4170 3.
522 4125 640 4185 Anytique
658 4134 732 4174 reum,
752 4118 888 4175 Socratem
912 4117 1006 4181 Anytus
1037 4118 1163 4165 susmiert
1179 4116 1210 4165 de
1225 4119 1282 4165 osis.
1316 4116 1595 4181 Ooslongaesueies',pu·

447 4187 511 4235 enim
522 4202 586 4234 unus
597 4182 701 4232 Socratis
711 4188 876 4230 accusatorum
886 4180 943 4229 init.
1038 4182 1151 4229 tsbsutur
1166 4187 1191 4230 et
1207 4181 1286 4229 adhuc
1303 4187 1421 4243 putentur
1429 4180 1534 4227 mutius·
1547 4196 1597 4226 sss·

480 4254 504 4298 4.
516 4251 591 4307 Leon
604 4249 746 4313 importuno.
1038 4261 1086 4291 rem
1106 4244 1229 4292 continere
1240 4242 1304 4307 (vid.
1316 4241 1383 4291 Plin.
1394 4243 1428 4291 H.
1438 4243 1473 4289 N.
1483 4257 1508 4298 ι,
1519 4243 1561 4297 tt,
1572 4250 1598 4292 et

479 4317 504 4364 6.
516 4314 674 4369 interciderit,
692 4309 771 4359 animo
783 4304 905 4363 exciderit,
921 4306 1005 4355 efflux·
1038 4308 1170 4357 Columell.
1181 4306 1232 4363 viii,
1243 4310 1268 4363 5,
1283 4308 1323 4361 ll,
1334 4305 1418 4371 ibique
1429 4305 1562 4369 Gesner.);
1572 4314 1599 4355 et

447 4380 499 4431 erit,
1037 4371 1096 4435 quis
1115 4372 1225 4421 vitellum
1245 4385 1334 4419 marens
1355 4370 1501 4418 circumfluit
1519 4369 1600 4419 resins

480 4446 504 4492 t.
520 4444 572 4491 Sive
592 4452 625 4490 est
646 4450 745 4494 nature,
762 4442 820 4484 cett.
839 4434 890 4483 sive
908 4434 961 4481 hec
980 4433 1006 4481 in
1037 4435 1157 4491 callosior,
1179 4436 1218 4485 vel
1238 4434 1319 4499 liquor
1339 4433 1438 4499 spissior
1452 4442 1479 4481 st
1497 4433 1598 4482 crsssior

446 4508 584 4559 memoriam
602 4505 683 4555 audita
700 4498 827 4551 revocandi
847 4498 950 4547 facultas
968 4506 1005 4547 est
1038 4500 1106 4563 (nos,
1122 4502 1161 4547 ein
1176 4500 1299 4564 goltigter,
1310 4500 1416 4563 steij'erer
1423 4497 1599 4555 Scbteisrs),oss

445 4591 483 4624 res
494 4572 558 4622 insiti
574 4570 619 4620 tibi
633 4566 731 4633 ingenii,
745 4568 792 4613 sios
808 4567 877 4618 ortis,
888 4560 1004 4611 exercite·
1037 4563 1118 4627 longa,
1129 4571 1158 4611 ut
1172 4562 1276 4611 melioris
1291 4562 1383 4627 saporis
1398 4568 1424 4609 et
1438 4568 1467 4608 ut
1481 4561 1537 4625 plus
1552 4561 1597 4608 eli-

446 4638 528 4694 tionis,
540 4635 621 4692 studii,
638 4642 665 4682 tu
675 4646 733 4681 sene
747 4630 771 4678 in
784 4635 885 4691 utroque
895 4625 1004 4675 excellis.
1037 4628 1111 4676 menti
1128 4625 1267 4691 prebentia,
1284 4624 1392 4675 rotundis
1405 4623 1599 4689 prelerebsntur.

447 4703 575 4768 Cogitssse
588 4698 682 4748 videtur
692 4702 763 4762 poete
774 4692 804 4741 de
814 4700 864 4741 erte
874 4690 1003 4747 memorie,
1039 4691 1117 4755 Magis
1124 4692 1195 4749 almo,
1204 4706 1258 4747 uos,
1269 4692 1332 4739 metr
1347 4690 1460 4745 odtresd,
1472 4686 1596 4751 notrtsjt.
