3659 5892
455 515 520 580 242
885 508 1188 577 CARMINUM

716 667 864 752 Derepta
879 664 1078 731 Parthorum
1093 664 1244 750 superbis

758 769 915 834 Postibus
930 778 965 833 et
979 790 1117 833 vacuum
1130 765 1247 832 duellis

670 870 791 935 danum
807 870 983 945 Quirinum
997 868 1104 947 clusit,
1120 878 1154 933 et
1169 868 1316 933 ordinem

610 974 651 1038 10
672 973 815 1040 Rectum
829 974 980 1058 evaganti
995 970 1097 1035 fraerra
1111 970 1270 1036 Licentiae

712 1076 840 1161 Injecit,
855 1074 1040 1157 emovitque
1052 1072 1178 1157 culpas,

756 1179 805 1242 Et
818 1188 946 1245 veteres
959 1175 1123 1240 revocavit
1135 1184 1241 1251 artes3

671 1279 737 1345 Per
751 1302 833 1365 quas
849 1278 1003 1351 Latinum
1017 1298 1135 1341 nomen
1149 1286 1184 1341 et
1198 1274 1290 1340 ltalae

671 1381 812 1447 Crevere
826 1382 924 1458 vires,
939 1378 1088 1462 famaque
1103 1389 1138 1442 et
1151 1375 1268 1462 imperi

609 1484 649 1547 15
715 1483 874 1550 Porrecto
887 1482 1040 1567 majestas
1055 1479 1098 1544 ad
1111 1490 1219 1543 ortum

657 1628 661 1635 -
759 1585 845 1657 Solis
860 1585 902 1648 nb
918 1582 1084 1667 Hesperio
1099 1580 1210 1646 cubili·

670 1687 818 1752 Custode
831 1707 941 1751 rerum
956 1683 1097 1760 Caesare,
1113 1705 1179 1747 non
1193 1681 1285 1747 furor

672 1788 783 1858 Civilis
799 1798 856 1852 aut
870 1788 919 1859 vis
934 1786 1045 1871 exiget
1060 1784 1172 1863 otium,

455 1938 521 1989 lmud
541 1940 591 1989 alto
612 1938 671 1989 muri
697 1937 875 1995 committenda,
895 1936 1017 1990 tribuitur.
1048 1938 1117 1992 onds,
1133 1936 1317 1998 turnucum
1330 1938 1389 1986 vidi.
1415 1936 1611 2005 Supcrtirfflag.

455 2004 565 2070 Propert.
580 2004 616 2061 iii,
628 2007 653 2061 7,
664 2005 689 2060 3,
707 2005 771 2059 Quid
788 2021 822 2052 ne
838 2004 952 2051 scribendi
970 2011 1018 2050 tom
1050 2001 1119 2050 nifice
1135 2000 1239 2049 ornatis:
1262 2000 1331 2064 Virg.
1349 2002 1409 2051 AEn.
1426 2000 1453 2059 ii,
1470 2003 1527 2060 50⁴,
1547 2004 1610 2054 Bor.

455 2078 545 2117 nonum
560 2072 635 2118 mittis
651 2072 677 2117 in
695 2070 786 2132 equor?
815 2068 869 2115 Nou
887 2076 943 2115 sunt
961 2076 1018 2128 apto
1049 2068 1126 2114 borion
1140 2075 1211 2127 postes
1223 2082 1283 2114 auro
1297 2068 1419 2129 spoliisque
1434 2069 1535 2127 superbi.
1564 2069 1611 2117 Va·

455 2149 507 2180 men
521 2136 625 2197 grundio
640 2135 691 2182 uelo
709 2136 766 2181 ruti.
803 2130 875 2181 Ovid.
896 2129 969 2179 'l'rist.
989 2130 1016 2189 ii,
1048 2147 1118 2178 cuum
1133 2131 1228 2179 duellis.
1259 2130 1372 2178 Duellum
1388 2130 1611 2206 antiquepro,bel·

455 2198 512 2253 329,
530 2198 584 2245 Nou
600 2201 650 2247 ideo
662 2200 726 2246 debet
742 2198 824 2261 pclogo
839 2212 860 2244 ss
877 2198 979 2252 credere,
996 2198 1017 2243 st
1048 2192 1117 2255 lum;
1133 2197 1202 2243 clusit
1220 2208 1271 2259 pro,
1289 2193 1393 2244 clausit:
1413 2194 1439 2242 in
1457 2204 1612 2259 antiquarum

454 2278 500 2323 qun
517 2264 593 2311 Audet
612 2266 638 2311 in
656 2263 739 2326 erigus
761 2263 839 2309 ludere
856 2262 937 2325 cymba
953 2261 1016 2308 mou.
1047 2257 1112 2307 enim
1128 2258 1439 2308 rerumcommemomtionc
1450 2258 1555 2309 studiose
1566 2277 1611 2327 po-

456 2324 610 2387 Tyrrhenum,
621 2342 662 2391 pro
673 2326 733 2374 mari
743 2324 838 2390 quovis.
1048 2333 1093 2372 etse
1108 2333 1133 2372 et
1151 2322 1194 2371 alii
1213 2322 1339 2387 scriptores
1359 2324 1470 2389 antiquas
1486 2325 1612 2376 verborum

487 2391 577 2440 4-16.
600 2390 659 2448 Tua,
684 2391 768 2446 Cesar,
788 2400 851 2444 ctat,
870 2394 928 2437 cett·
963 2388 1015 2437 Ob·
1048 2386 1233 2437 formassecuri
1247 2386 1334 2436 solent.
1362 2388 1401 2436 De
1413 2390 1495 2449 templo
1505 2390 1565 2439 Jcni
1575 2399 1613 2441 est

454 2469 524 2567 plecte
540 2463 716 2567 poetebartepr,
745 2470 777 2503 ua
794 2454 906 2565 lectorem
924 2452 951 2499 in
967 2468 1018 2565 mess
1050 2450 1243 2565 locupiclpssicup
1257 2449 1474 2569 agustiniail‘gf
1492 2453 1612 2567 updetls·

472 2533 520 2566 ram
539 2534 700 2568 remant·
759 2534 829 2569 onai
862 2532 937 2573 enim,
957 2524 1000 2564 “a
1050 2532 1094 2564 nur
1129 2531 1232 2566 rcussr
1285 2532 1388 2573 utrrnus,
1458 2534 1467 2565 ι
1526 2534 1553 2567 es
1581 2535 1612 2569 ex

455 2582 574 2647 Apolline
584 2537 681 2657 igiturpa
691 2598 717 2633 re
732 2592 820 2633 temere
831 2580 927 2647 incepta
937 2579 1015 2630 deter-
1049 2580 1160 2629 Macrob.
1176 2580 1194 2636 i,
1205 2582 1231 2635 9,
1249 2580 1279 2628 ln
1292 2583 1364 2629 sacris
1379 2598 1466 2645 quoquc
1482 2533 1613 2635 ειοωωωω

455 2646 522 2704 ritus,
540 2648 679 2697 lelicrtatem
697 2646 776 2715 potius
790 2662 831 2713 per
843 2645 949 2709 Augusti
965 2645 1016 2695 vic·
1048 2644 1138 2693 Jonurn
1149 2646 1286 2701 Quirinum,
1296 2648 1363 2707 puori
1374 2646 1484 2694 bellorum
1498 2656 1613 2708 potentem

454 2712 527 2761 torius
540 2711 608 2761 nobis
621 2721 711 2825 portam
724 2708 1016 2769 canam,’'sedeamsta·
1049 2711 1077 2756 ab
1094 2710 1249 2772 tortuquan
1263 2708 1344 2756 Sabini
1358 2712 1434 2758 curin
1446 2721 1535 2760 omont.
1563 2712 1612 2763 Ce-

455 2774 496 2824 tim
514 2776 588 2827 canit.
641 2796 673 2825 uo
689 2786 752 2831 utos.
769 2784 826 2825 retas
840 2791 895 2840 quae
912 2775 958 2823 sub
974 2782 1016 2823 tuo
1048 2781 1126 2821 terum
1143 2789 1200 2822 cum
1217 2774 1326 2835 ternplum
1344 2772 1402 2822 Jcni
1417 2780 1461 2832 ter,
1478 2783 1506 2831 ut
1524 2776 1612 2826 Sueto·

455 2839 487 2888 im
521 2840 554 2889 rio
573 2840 641 2891 nobis
658 2840 768 2905 contigit,
786 2840 812 2889 h.
830 2855 851 2889 e.
869 2854 915 2905 par
933 2855 976 2904 per
992 2846 1016 2889 te
1049 2836 1104 2885 nius
1121 2846 1221 2886 testatur
1239 2837 1305 2900 Aug.
1323 2837 1375 2887 vit.
1391 2853 1415 2887 c.
1432 2841 1473 2895 22,
1493 2840 1539 2887 sub
1557 2844 1612 2891 Au-

455 2920 486 2952 no
505 2905 526 2953 is
545 2904 610 2955 dats.
647 2906 736 2969 Fruges
760 2907 847 2959 uberes,
870 2904 1015 2953 ubertatem:
1049 2910 1119 2965 gusto
1140 2902 1250 2951 clausum
1277 2901 1358 2976 suerit,
1386 2902 1487 2977 primum
1514 2904 1613 2978 quidem

456 2972 591 3084 tillut·
606 2968 1018 3098 tillitsst'ltltttttb‘f
1050 2966 1614 3099 laist⁰ttlz¹tftltlt²loelttffitt

455 3108 521 3159 repta
544 3099 686 3151 Parthorum
706 3099 810 3160 superbis
830 3097 944 3146 Postibus.
978 3097 1018 3145 De
1049 3094 1142 3143 bellum
1161 3095 1343 3151 Cantabricum,
1362 3094 1412 3145 vid.
1435 3096 1484 3146 Dio
1503 3095 1548 3154 liii,
1568 3099 1613 3155 26,

455 3160 530 3224 signis
547 3162 713 3210 Romanorum
731 3160 874 3211 militaribus
890 3176 905 3209 a
922 3160 1018 3209 Parthis
1050 3158 1155 3217 tertium,
1179 3166 1207 3207 ut
1233 3160 1358 3225 probatum
1383 3160 1426 3210 ivit
1448 3162 1558 3211 Messon.
1586 3164 1613 3212 in

456 3226 564 3291 receptis,
585 3225 633 3275 rid.
653 3241 709 3291 sup.
728 3225 754 3275 in
774 3240 865 3289 argum.
884 3224 914 3273 sd
935 3224 970 3281 iii,
991 3229 1016 3274 b.
1049 3222 1145 3289 Templ.
1173 3224 1233 3273 an.
1261 3224 1349 3272 Reser.
1376 3240 1400 3289 p.
1427 3226 1485 3280 208,
1515 3227 1549 3275 U.
1579 3228 1613 3277 C.

456 3290 607 3339 Mentionem
618 3298 697 3340 autem
711 3306 775 3339 nunc
792 3288 851 3337 lacit
868 3288 952 3337 horum
968 3289 1017 3353 sig·
1047 3304 1186 3337 cccxxxiv
1195 3305 1203 3347 3
1221 3296 1285 3337 recto
1301 3286 1441 3362 interpretes
1455 3288 1501 3364 boc
1515 3306 1614 3341 carmen

455 3354 1018 3484 tillalt‘tlllt‘ittttlls‘ttt:
1050 3352 1613 3473 {inilillnllnii‘lrfflslimddliii

455 3482 533 3541 betur,
552 3491 576 3533 ct
597 3484 704 3533 certatim
726 3491 849 3548 poetarum
872 3480 1019 3531 carminibus
1051 3488 1125 3555 totum
1136 3482 1289 3555 boccarmen
1302 3480 1328 3529 in
1341 3480 1498 3535 describenda
1507 3482 1615 3533 reducto

457 3554 506 3596 tum
523 3547 634 3613 temporis
648 3546 823 3603 celebrabatur,
835 3544 884 3594 vid.
897 3545 971 3595 Cerd.
987 3546 1018 3595 sd
1050 3560 1117 3610 paors
1134 3545 1249 3595 felicitate
1267 3555 1389 3607 narsetum
1413 3562 1507 3597 summa
1522 3546 1566 3596 illa
1582 3548 1613 3598 de

460 3612 527 3677 Virg.
546 3613 605 3662 AEn.
622 3612 664 3669 vii,
682 3612 745 3671 607;
766 3610 892 3660 sedetiam
910 3610 976 3675 quod
993 3611 1020 3660 in
1051 3609 1138 3674 templo
1160 3609 1220 3659 Jani
1244 3610 1327 3658 clauso
1353 3610 1438 3659 letitia
1460 3612 1613 3662 occasionem

455 3674 550 3726 illorum
563 3676 749 3743 recuperatione,
762 3674 787 3723 h.
799 3690 822 3723 a.
839 3674 864 3722 in
876 3674 947 3723 victis
958 3675 1018 3723 Par·
1050 3671 1106 3722 huic
1127 3673 1254 3723 scribendo
1277 3674 1377 3723 carmini
1398 3673 1493 3725 dedisse
1510 3675 1614 3727 videtur.

456 3740 513 3796 this.
536 3742 649 3791 Romano
671 3740 761 3789 nomini
790 3739 957 3796 infestissimis,
979 3739 1018 3789 rel
1053 3738 1156 3786 Vocuum
1170 3741 1264 3795 duellis,
1276 3738 1343 3812 quod
1357 3738 1421 3789 Jano
1437 3740 1520 3789 clauso
1534 3757 1614 3791 vacus

456 3806 560 3856 maxime
582 3806 701 3855 nitebatur
723 3802 797 3870 pacis.
820 3802 850 3851 de
871 3820 920 3915 «pua
942 3818 1019 3852 sermo
1049 3802 1115 3851 bello
1127 3800 1174 3851 tuit
1183 3804 1329 3869 respublica.
1352 3804 1613 3871 Eooguntifraensbi·

456 3878 501 3927 est,
520 3870 643 3919 securitas.
674 3870 790 3932 Derrptu:
808 3867 841 3918 cl.
854 3868 877 3916 in
891 3902 897 3915 .
910 3867 988 3932 Epist.
999 3868 1017 3925 i,
1050 3870 1129 3915 certitu
1146 3866 1239 3929 injecit,
1256 3867 1291 3915 sie
1308 3884 1362 3933 sup.
1378 3867 1414 3926 iii,
1429 3869 1471 3924 24,
1483 3871 1526 3926 29,
1545 3872 1614 3919 indo-

460 3934 803 3997 18,56‚ubiAugustusstgna
812 3935 948 3995 templorum
957 3933 1017 3980 Par·
1049 3934 1129 3979 nitunt
1149 3948 1163 3979 r
1187 3948 1276 3980 ennon
1294 3931 1439 3991 Licentium5
1460 3936 1541 3981 emovit
1559 3937 1613 3983 cal-

457 3996 551 4047 thomm
576 4000 673 4110 spuisse
699 3996 797 4046 dicitur.
841 3996 924 4047 Nostro
947 3997 1017 4045 dori:
1048 4012 1100 4057 pas,
1112 3995 1159 4045 reci
1177 3996 1240 4044 anda
1251 3996 1343 4045 curavit
1354 3996 1452 4060 flagitia,
1463 3998 1613 4063 exstirpavit.

457 4062 532 4109 illarii
548 4062 589 4127 qui
606 4078 645 4111 em
655 4060 726 4110 ultori
742 4060 869 4125 Augustus
879 4069 1019 4127 recuperata
1051 4059 1166 4109 Similiter
1176 4075 1230 4124 sup.
1239 4060 1272 4116 ir,
1284 4062 1309 4117 6,
1321 4062 1362 4117 22,
1375 4062 1426 4110 Mos
1441 4072 1465 4111 et
1482 4064 1516 4110 ter
1531 4081 1613 4112 nant.

457 4118 579 4175 aParibis
595 4126 664 4190 signa
679 4140 830 4175 consecrasse
846 4125 956 4181 traditur,
969 4125 1018 4175 vid.
1052 4125 1123 4173 lotum
1140 4127 1241 4173 edomuit
1256 4124 1331 4190 nefus.
1361 4124 1449 4174 Veteres
1464 4136 1613 4181 ortmvete-

457 4190 507 4243 Dio
521 4190 563 4249 liv,
576 4192 592 4239 Β
600 4208 607 4249 ;
625 4190 667 4239 sed
683 4204 738 4239 curn
756 4196 827 4256 poeta
842 4188 867 4237 in
879 4189 1017 4238 universum
1049 4204 1099 4237 rem
1113 4187 1274 4254 disciplinam,
1285 4187 1316 4237 de
1329 4204 1378 4255 qua
1391 4189 1474 4240 Livius
1488 4190 1514 4238 in
1525 4191 1613 4241 Prooe-

457 4269 522 4303 nunc
543 4254 649 4304 indicare
671 4253 752 4311 vellet,
775 4252 843 4317 signa
864 4252 905 4302 illu
929 4254 1018 4319 populo
1049 4252 1107 4308 mio,
1131 4254 1237 4303 Ceterum
1252 4263 1295 4302 out
1313 4270 1431 4303 mernor
1453 4258 1540 4318 negotii
1561 4272 1613 4306 tus·

458 4320 570 4393 Romano
585 4319 693 4394 restituta
706 4334 767 4373 esse,
783 4318 874 4393 posui-t·
883 4316 954 4366 deum
973 4319 1020 4367 sub
1051 4320 1111 4379 cepti
1119 4317 1202 4395 follit,
1217 4327 1260 4366 out
1279 4318 1348 4395 nullo
1363 4336 1466 4383 unquam
1481 4322 1615 4382 respublica

457 4382 1021 4514 tramittit,⁰225&th
1051 4397 1190 4511 ttulit.
1198 4386 1615 4513 2222122ῗὲ222

457 4516 519 4561 nobis
546 4512 623 4561 multo
651 4512 746 4577 gravius
786 4512 830 4560 urit
856 4520 932 4559 nostro
958 4512 1020 4559 lovi.
1052 4513 1081 4557 ab
1101 4510 1211 4572 Hesperio
1231 4513 1313 4567 nuris,
1332 4463 1363 4559 ai
1382 4513 1490 4568 Oceano,
1511 4512 1553 4560 ubi
1575 4515 1614 4564 sol

459 4578 572 4635 Postibrn,
588 4592 624 4626 sc.
638 4576 795 4643 templorum:
814 4592 867 4642 sup.
885 4574 920 4631 iii,
938 4578 962 4632 5,
979 4576 1018 4633 la,
1051 4573 1169 4632 conditur,
1181 4574 1241 4630 sive,
1253 4584 1281 4624 ut
1295 4575 1374 4649 prisca
1385 4575 1432 4625 sibi
1447 4577 1554 4651 fingebat
1567 4592 1613 4627 tn·

456 4640 481 4697 in
502 4640 609 4691 orations
634 4641 734 4707 Reguli,
759 4640 833 4705 Signa
860 4656 900 4687 eo
923 4638 1020 4688 Punicis
1051 4637 1159 4702 tiquitas,
1174 4639 1282 4688 cubitum
1296 4649 1325 4695 rt,
1342 4638 1401 4689 lue.
1418 4641 1503 4690 asoln
1513 4656 1613 4693 occasu.

456 4708 541 4772 Adfirn
563 4708 674 4765 delubris,
699 4715 721 4754 et
743 4722 808 4755 urna
832 4658 951 4755 Militibus
972 4706 1021 4753 sinc
1052 4702 1199 4770 Comparari
1215 4703 1346 4760 TibulLii,
1359 4705 1438 4764 5,57,
1455 4706 1613 4757 limatum
