3659 5892
600 569 765 640 LIBER
788 575 849 653 IV,
872 579 903 640 7.
1261 578 1328 642 219

330 729 374 792 35
396 729 551 794 Lesbium
567 739 694 793 servate
709 729 838 814 pedem,
854 730 982 813 meique

652 829 785 896 Pollicis
800 832 910 908 ictum,

343 977 347 984 -
395 934 474 999 Rite
490 935 628 998 Latonae
640 953 779 1018 puerum
792 944 959 1010 canentes,

395 1037 473 1102 Rite
488 1047 688 1102 crescentem
703 1035 774 1102 face
789 1035 1008 1112 Noctilucam,

396 1139 593 1224 Prosperam
606 1137 749 1222 frugum,
765 1137 970 1222 celeremque
983 1159 1106 1222 pronoa

330 1239 374 1304 40
651 1238 794 1305 Volvere
809 1261 950 1305 menaea.

393 1341 510 1429 Nupta
519 1343 588 1429 jam
604 1343 711 1408 dicer:
737 1341 813 1428 Ego
829 1341 892 1408 Dia
908 1343 1057 1420 amicum,

396 1444 525 1512 Saeculo
540 1444 641 1510 festas
656 1443 817 1511 referente
832 1445 934 1523 lucee,

395 1545 543 1612 Reddidi
558 1569 699 1625 cannen,
716 1547 830 1614 docilia
845 1549 1015 1615 modorum

654 1649 751 1715 Vatia
767 1649 897 1716 Horati.

597 1905 805 1970 CARMEN
829 1905 909 1971 Vll.

508 2116 580 2164 an
626 2099 1002 2172 rono'uaruu.

262 2277 471 2342 Dirruennn
487 2279 594 2342 nives:
611 2276 751 2341 redeunt
760 2277 829 2361 jam
844 2276 991 2361 gramina
1006 2279 1143 2362 campie,

305 2379 561 2464 Arboribusque
577 2401 696 2445 comae:

177 2514 206 2562 ad
226 2514 325 2563 chorum
351 2515 488 2580 puellarum
517 2528 692 2580 puerorumque
715 2527 740 2562 ae
773 2512 864 2570 Diana,
883 2511 979 2561 Rustica
994 2513 1101 2574 agricole
1116 2513 1260 2564 bouirTeeto
1271 2515 1333 2580 fru-

177 2580 299 2634 conrertit,
320 2592 392 2644 quoa,
413 2587 440 2627 ut
460 2579 546 2628 modos
567 2579 687 2634 carminir,
709 2578 739 2626 ad
769 2580 839 2643 gibus
861 2578 944 2640 upra.
977 2577 1121 2640 Celeremqae
1140 2594 1223 2640 prono·
1244 2579 1335 2628 Votum

178 2643 240 2708 quod
251 2643 350 2708 publice
366 2643 392 2692 in
409 2643 473 2692 ludis
487 2643 641 2693 saecularibus
650 2642 739 2692 decan·
772 2659 864 2696 meum,
883 2643 978 2699 Graece,
989 2657 1041 2708 pro.
1056 2641 1158 2690 celarem
1175 2642 1201 2691 in
1212 2644 1336 2694 volvendis

177 2707 274 2756 tandum
286 2724 299 2757 e
312 2707 468 2757 nobilissimis
478 2711 590 2772 gentibue
601 2707 673 2757 electi
688 2707 739 2756 lue·
771 2707 909 2766 menribm3
926 2714 954 2754 ut
964 2722 1019 2772 aop.
1031 2704 1048 2763 i,
1063 2707 1102 2762 16,
1113 2707 1151 2762 18,
1162 2717 1185 2754 et
1195 2710 1289 2757 celerem
1300 2725 1334 2757 ae·

177 2772 742 2904 uurniuctttuntctt
772 2770 1336 2904 {irruentemque

178 2914 241 2950 nunc
257 2910 339 2967 partes
354 2902 412 2966 agit,
423 2913 455 2960 et,
467 2917 521 2970 qua
536 2903 607 2952 cboro
622 2903 741 2968 precipua
772 2915 843 2949 curru
856 2900 972 2948 labentes.

178 2965 325 3016 observanda
347 2967 403 3024 rint,
423 2967 539 3033 precipit.
574 2967 647 3016 Delie
667 2967 740 3014 tutela
805 2965 911 3013 41-44.
929 2964 1013 3026 Nupta
1021 2967 1075 3026 jara
1093 2965 1162 3022 dicer,
1180 2974 1237 3014 cett.
1260 2964 1334 3023 Quod

180 3031 241 3088 Dee,
252 3047 303 3087 voa,
316 3031 363 3096 qui
378 3031 436 3080 ertia
451 3032 517 3098 pueri
543 3031 669 3095 uellaaque,
681 3045 742 3095 quoa
774 3028 841 3078 addit
857 3028 979 3084 Horatius,
999 3029 1102 3092 puellae,
1121 3030 1142 3076 ri
1161 3027 1258 3095 quando
1275 3043 1333 3079 con·

177 3093 259 3143 Diana
269 3097 371 3161 Scapita
384 3096 460 3145 tutela
470 3111 515 3145 aua
527 3047 590 3145 iiavet
600 3105 672 3160 atque
683 3110 739 3144 cua·
770 3093 842 3159 juger
851 3103 875 3143 et
884 3103 973 3142 mauce
983 3091 1070 3141 future
1080 3093 1137 3150 aiut,
1145 3093 1175 3144 de
1184 3094 1272 3143 honore
1281 3093 1334 3152 illo,

178 3159 244 3208 odia
287 3162 432 3217 Coniuratis,
451 3161 559 3209 lamentis
585 3175 615 3210 ne
637 3161 742 3224 amplior
772 3159 888 3222 quoolim
901 3157 1001 3206 inludia
1011 3158 1164 3206 secularibus
1173 3173 1269 3208 carmen
1282 3159 1334 3208 llo·

178 3223 277 3288 fugiant,
299 3225 324 3273 h.
351 3239 374 3273 e.
397 3224 491 3290 figentia
517 3233 542 3274 et
579 3223 741 3274 rorternentia.
773 3224 889 3273 ratianum
901 3222 998 3289 publice
1008 3221 1196 3280 decantaverint,
1205 3223 1333 3288 jucundia-

179 3288 267 3338 nouem
284 3289 362 3354 plane
379 3289 452 3338 modo
475 3288 539 3355 apud
559 3241 656 3338 {icium
677 3288 694 3346 i,
715 3292 741 3348 4,
774 3287 834 3336 aima
848 3287 923 3336 animi
942 3286 1105 3336 recordatione
1120 3297 1256 3336 narratam
1272 3304 1334 3347 aaaa,

172 3351 238 3417 seraa
247 3357 381 3408 morisim,
393 3355 418 3402 b.
428 3371 451 3404 e.
467 3355 544 3404 lacere
561 3361 589 3402 ut
600 3353 739 3412 subsistant,
771 3351 796 3401 id
809 3351 902 3407 iiadam,
919 3359 947 3401 ut
963 3359 1041 3418 parter
1059 3367 1116 3400 aura
1133 3367 1198 3401 nunc
1216 3353 1276 3402 bena
1292 3369 1334 3402 ex·

178 3419 260 3482 profi
291 3431 316 3468 re
342 3418 438 3467 dicitnr.
472 3419 578 3467 labium
595 3429 684 3467 seruate
700 3435 739 3482 pe·
772 3417 873 3482 plorent,
886 3416 951 3466 haud
962 3415 1075 3480 exiguum
1089 3417 1335 3468 incitamentumasae

178 3484 236 3538 ἀειιι,
295 3483 414 3532 carminis
431 3483 543 3548 Sapphici
558 3483 740 3532 numercsbena
772 3481 865 3530 debuit.
907 3482 1011 3529 Reddidi
1031 3498 1132 3537 cuman,
1154 3479 1262 3547 apposita
1278 3498 1334 3594 pro,

178 3547 344 3612 exprimendos
362 3547 494 3607 attendite;
510 3556 547 3596 ert
562 3546 625 3596 enim
639 3549 740 3597 Carmen
772 3546 913 3602 decantavi;
931 3547 1006 3611 χοροῦ
1022 3544 1168 3605 διδάσκαλος
1184 3545 1276 3596 enimc
1294 3563 1336 3596 oro

180 3611 299 3662 Seculare
310 3612 553 3678 Sapphicixnumerir
567 3624 620 3660 com
666 3612 741 3672 itum;
773 3616 879 3668 carmen,
897 3610 956 3658 dum
974 3609 1034 3659 illud
1051 3611 1130 3667 docet,
1146 3613 1230 3666 tradit,
1249 3611 1337 3662 cborue

179 3679 265 3739 arcique
283 3680 375 3740 pollicis
392 3679 510 3734 irrumet
526 3676 557 3724 ad
573 3693 595 3724 m
628 3693 664 3732 oa,
681 3690 742 3744 quor
773 3685 853 3724 autem
864 3689 970 3731 carmen,
981 3675 1040 3723 dum
1051 3674 1113 3724 illud
1123 3675 1198 3733 canit,
1209 3677 1296 3725 reddit.

180 3755 223 3803 ego
234 3743 301 3790 vobis
316 3741 347 3791 ad
363 3741 441 3806 lyram
456 3742 543 3806 pollice
554 3757 607 3790 meo
624 3741 742 3808 pulsatam

182 3819 266 3916 lim
311 3807 369 3855 rrae
392 3807 486 3855 Iatoroe
511 3823 608 3868 puerum
628 3815 741 3864 canentes,
771 3825 776 3832 ·
938 3819 1092 3870 CARMEN
1111 3819 1175 3869 vll,

204 3873 235 3917 ita
245 3871 443 3936 mntemfaca
454 3871 616 3929 Noctilucam
628 3870 653 3918 in
667 3871 742 3936 Apol·-

182 3931 235 3981 linia
259 3935 323 3984 enim
346 3943 374 3984 et
395 3935 483 3984 Dianae
504 3935 615 3984 laudibur
636 3945 743 3984 vertatur
808 3937 852 3985 Est
869 3935 915 3986 hoc
937 3949 1034 3986 carmen
1055 3935 1155 3984 carmini
1176 3945 1261 4002 quarto
1282 3938 1336 3988 libri

181 3999 281 4049 maxim
292 3998 416 4049 Carminis
427 3999 555 4049 Saecularis
565 4009 740 4062 argumentum.
773 3999 843 4066 primi
852 4001 1013 4049 simillimum.
1047 4001 1078 4049 In
1091 4009 1194 4068 utroque
1208 4002 1335 4054 enimcar-

184 4061 396 4130 Crereeutemsace,
407 4063 576 4126 uolumine,
594 4064 650 4112 hinc
663 4065 741 4112 Diana
773 4066 838 4114 mina
855 4076 927 4132 poeta
945 4065 1034 4114 amicoa
1050 4079 1115 4121 auor,
1135 4066 1160 4114 in
1178 4065 1223 4116 boc
1238 4067 1335 4130 quidem

183 4125 291 4194 Lucifera
303 4128 385 4179 lacem
398 4129 424 4176 in
439 4145 511 4178 manu
523 4139 607 4178 tenena
621 4128 745 4178 exhibetur
773 4129 935 4196 Torquatum,
946 4130 973 4178 in
981 4129 1025 4178 illo
1035 4131 1152 4186 Sextium,
1162 4129 1289 4180 domuerit
1298 4147 1335 4182 re-

182 4191 207 4239 in
228 4202 285 4266 vett.
302 4196 470 4243 Monumentt.
514 4195 675 4242 Noctitacum:
699 4193 744 4244 hoc
776 4193 853 4243 ditum
866 4195 896 4243 iia
907 4195 1056 4270 cumoculos
1066 4194 1249 4269 ponit,advita
1258 4196 1336 4271 brevi·

180 4259 742 4383 uttliltttrfttttttttt‘tit
771 4258 1337 4390 ‘iiiiiiliiidiifflii'irssliiiss

185 4385 213 4432 L.
232 4388 261 4435 L.
280 4387 312 4443 ir,
329 4389 374 4443 20,
395 4387 466 4435 Luna
486 4390 549 4437 dicta
571 4387 695 4436 Noctiluca
717 4391 743 4436 iu
775 4389 845 4437 bonia
863 4399 888 4439 et
901 4387 1053 4454 jucunditate
1069 4389 1166 4454 perfrui,
1181 4389 1255 4438 'ubet
1289 4391 1337 4440 Per

185 4449 293 4508 Palatio,·
310 4469 366 4500 nom
387 4454 426 4500 illi
448 4462 517 4500 nocta
542 4453 602 4500 lucet
625 4453 743 4515 templum.
777 4453 926 4518 Torquatum,
945 4453 1008 4502 haud
1025 4452 1098 4502 dubia
1115 4453 1175 4502 intel
1185 4453 1286 4518 igendua
1301 4464 1339 4504 aat

184 4513 275 4588 Grecia
290 4531 388 4582 quoque
399 4517 469 4564 Lana
479 4517 529 4565 rive
540 4516 620 4564 Diana
631 4517 745 4629 Lucip'era
776 4517 838 4566 idem
856 4517 888 4566 ad
904 4533 976 4582 quem
993 4517 1055 4567 inira
1067 4517 1174 4584 Epistola
1188 4517 1272 4582 quinta
1284 4519 1338 4568 libri

181 4578 283 4628 dieitur:
300 4580 661 4646 umrqatnrtmuupric.
706 4598 743 4630 ro·
776 4581 845 4650 primi
856 4583 945 4649 scripta
959 4592 1004 4641 ext,
1016 4597 1101 4649 nempe
1116 4585 1146 4631 L.
1158 4582 1268 4630 Manliua
1277 4584 1338 4633 Tor·

184 4659 270 4705 eperum
282 4645 399 4710 frugum,
417 4644 482 4710 quod
501 4646 585 4694 attinet
605 4646 636 4694 ad
655 4645 744 4710 fruger,
777 4655 872 4713 quatur,
885 4647 1056 4703 comulir,aub
1072 4662 1120 4720 quo
1134 4647 1249 4697 Horatiae
1266 4656 1338 4697 natur

183 4706 208 4755 lt.
223 4721 246 4757 e,
262 4721 333 4773 agros
352 4711 449 4772 frugum
469 4709 588 4759 fertilitate
605 4725 744 4776 prosperan·
777 4721 822 4768 est,
834 4727 918 4788 nepos.
954 4713 1065 4762 Ceterum
1077 4729 1102 4760 ιιι
1113 4711 1255 4761 sententiam
1267 4712 1339 4777 hujux

185 4781 240 4829 tcm,
254 4773 415 4840 prpiraprrov.
458 4774 553 4824 Catuli.
571 4774 652 4832 xxxiv,
672 4777 701 4824 19
716 4774 745 4824 ale
778 4776 889 4826 carminis
906 4776 956 4825 vid,
970 4792 1025 4842 aup.
1041 4776 1337 4841 argum.atlii,9ct14:
