3659 5892
648 542 814 611 LIBER
832 542 862 621 1,
887 542 937 613 14.

238 694 283 759 25
305 694 391 767 Quoe
405 695 510 778 possit
524 694 604 759 tibi:
628 716 689 760 nec
702 695 858 761 meretrix
872 696 1017 775 tibicina,
1032 698 1126 784 cujus

304 795 362 860 Ad
378 797 549 880 strepitum
564 796 662 861 solies
676 808 774 861 terne
787 798 913 881 gravis:
937 806 1092 864 ettamen
1107 820 1206 885 urges

303 898 508 983 «Iampridem
522 922 588 963 non
601 908 691 963 tecte
704 899 868 984 ligonibus
882 920 971 977 awa,
987 900 1168 986 bovemque

304 1000 517 1085 Disjunctum
530 1022 638 1078 curas,
653 1009 688 1065 et
702 1001 825 1066 strictis
838 1000 1011 1067 frondibus
1026 1002 1158 1087 exples:

305 1099 413 1168 Addit
426 1124 510 1186 opus
524 1102 620 1187 pigro
631 1102 732 1181 rivus,
748 1103 777 1167 si
791 1102 916 1168 decidit
929 1102 1044 1181 imber,

240 1204 285 1268 30
305 1203 415 1269 Multa
427 1204 512 1270 mole
527 1204 695 1269 docendus
710 1206 822 1289 aprico
835 1226 972 1290 parcere
985 1214 1093 1291 proto.

306 1306 418 1384 Nunc,
434 1328 507 1391 age,
522 1306 603 1391 quid
617 1316 766 1373 nostrum
779 1317 973 1373 concentum
987 1307 1123 1389 dividet,
1138 1309 1226 1375 sudi.

307 1408 417 1481 Quem
431 1419 546 1475 tenues
560 1408 702 1475 decuere
716 1419 804 1494 togae
817 1409 979 1493 nitidique
994 1409 1114 1495 capilli,

306 1511 415 1586 Quem
431 1512 494 1577 scis
509 1513 682 1577 immunem
697 1511 827 1577 Cinerae
841 1510 1005 1596 placuisse
1019 1512 1142 1597 rapaci,

306 1612 416 1687 Quem
430 1613 578 1681 bibulum
591 1614 707 1699 liquidi
720 1614 829 1681 medie
841 1614 885 1679 de
898 1612 971 1679 luce
985 1612 1127 1691 Falerni,

241 1715 285 1779 35
307 1715 413 1781 Coena
425 1718 535 1782 brevis
545 1717 651 1802 juvet,
667 1727 701 1781 et
714 1738 819 1801 prope
833 1716 938 1781 rivum
953 1737 1084 1781 somnus
1099 1716 1133 1781 in
1146 1716 1270 1783 herba:

306 1817 381 1882 Nec
393 1817 511 1885 lusisse
525 1818 640 1904 pudet,
655 1818 796 1883 sednon
810 1818 954 1883 incidere
968 1816 1093 1882 ludum.

306 1917 386 1984 Non
400 1920 474 1985 istic
489 1919 623 2005 obliquo
637 1918 732 1985 oculo
746 1941 818 1985 mes
832 1919 1002 1984 commode
1016 1920 1187 2005 quisquam

309 2019 439 2101 Limat;
462 2044 528 2087 non
542 2021 620 2087 odio
634 2022 775 2087 obscuro
788 2042 965 2106 morsuque
977 2033 1133 2087 venenat:

307 2120 435 2188 Rident
448 2124 545 2188 vicini
559 2125 673 2209 glebas
688 2134 722 2188 et
737 2146 817 2189 saxa
831 2134 1023 2189 moventem.

243 2224 287 2287 40
309 2224 393 2289 Cum
409 2226 511 2291 servis
526 2226 652 2291 urbana
666 2225 771 2289 diaria
784 2225 902 2291 rodere
915 2226 1039 2291 mavis?

308 2326 438 2391 Horum
453 2337 490 2390 tu
504 2326 538 2391 in
552 2348 723 2393 numerum
736 2337 814 2391 voto
827 2328 918 2391 ruisi
964 2326 1095 2393 lnvidet
1109 2350 1204 2393 usum

308 2428 491 2513 Lignorum
503 2439 537 2493 et
551 2430 680 2515 pecoris
695 2429 757 2493 tibi
772 2427 843 2494 celo
857 2440 994 2515 argutus
1008 2440 1042 2493 et
1055 2428 1154 2495 horti.

309 2530 416 2615 Optat
428 2530 587 2617 ephippio
600 2534 661 2597 bos
676 2531 787 2616 piger;
811 2542 905 2616 optat
920 2554 1013 2596 arare
1027 2530 1189 2597 caballus:

276 2678 287 2691 .
310 2632 419 2705 Quam
434 2634 496 2698 scit
510 2644 660 2719 uterque,
675 2632 781 2699 libens
797 2631 963 2716 (censebo)
978 2645 1131 2699 exercent
1144 2644 1257 2699 artem.

227 2804 311 2851 Vm
320 2806 512 2916 utipsidmlius
523 2807 638 2871 contirsgtt
648 2805 784 2861 cmm
816 2800 876 2867 qnid
890 2802 953 2853 illud
969 2802 1002 2853 sit
1011 2818 1059 2869 quo
1075 2804 1136 2854 inter
1151 2820 1190 2855 me
1206 2812 1231 2854 et
1245 2812 1269 2854 te
1279 2803 1375 2856 discon-

224 2866 289 2941 cppd
306 2868 372 2917 Catu
393 2902 401 2916 .
419 2869 485 2927 xxix,
503 2870 529 2927 ³,
543 2872 684 2932 patrimis
701 2877 784 2923 emto,
816 2866 905 2924 veniet,
916 2869 1051 2917 utlocutus
1061 2878 1133 2918 estr-
1146 2870 1186 2919 tt.

225 2944 313 2997 opime.
324 2932 436 2982 lautiore.
848 2933 956 2982 32-36.
974 2932 1060 2982 'senties
1085 2933 1177 2984 etenui
1186 2942 1212 2983 et
1220 2933 1305 2983 subtili
1315 2950 1375 3000 pen-

256 2998 289 3043 22
299 3011 353 3071 sqq.
370 2997 402 3045 Et
413 3000 482 3061 qnod,
492 3005 550 3047 cett.
561 3012 630 3062 porro
641 2996 695 3047 ideo
705 2996 732 3045 in
743 3011 784 3043 ur·
816 3010 849 3045 no
858 2996 987 3059 confecto)
999 3007 1055 3061 togae
1066 2934 1219 3111 ἕρέιιιιιιῑῑιτ
1228 3001 1287 3062 togis
1296 3004 1378 3049 muts

225 3060 281 3111 bem
294 3060 459 3127 redtrecupis,
469 3060 534 3126 quod
546 3063 665 3125 (ongum
675 3064 734 3124 iste)
745 3059 785 3109 bic
817 3063 935 3125 sup.Sst.
948 3060 1000 3117 i,3‚
1015 3064 1053 3111 lt.
1121 3064 1176 3123 pilli
1191 3065 1272 3119 nitidi,
1283 3078 1318 3112 sc.
1330 3079 1376 3113 un-

225 3138 290 3188 eger,
302 3125 334 3174 eb
345 3126 405 3175 urbe
419 3134 530 3182 remmus,
541 3125 609 3237 piper
618 3134 644 3174 et
655 3125 711 3175 thus
722 3127 785 3189 (oet-
817 3126 930 3189 putentis:
948 3141 1002 3191 sup.
1019 3126 1068 3175 od.
1083 3126 1109 3185 ii,
1123 3128 1147 3184 7,
1160 3128 1184 3184 7,
1200 3129 1281 3189 capilli
1299 3128 1378 3177 Molo·

225 3192 270 3249 us)
291 3188 372 3255 potios
394 3206 468 3253 quam
489 3206 549 3241 oms
577 3199 644 3249 eret,
669 3189 785 3255 denique,
817 3192 899 3238 unu
925 3190 994 3254 Syrio
1019 3194 1126 3240 suentes.
1164 3191 1270 3241 Fuerunt
1297 3200 1377 3243 sutem

226 3252 291 3316 quod
308 3268 353 3302 nec
371 3254 398 3303 in
414 3254 537 3303 ricinitrtc
555 3262 592 3303 eu
609 3256 717 3310 taberne,
729 3270 785 3319 qua
818 3253 912 3302 Horatii
931 3256 1009 3304 crines
1027 3258 1101 3319 nigri,
1119 3263 1148 3304 ut
1165 3255 1217 3321 ipse
1234 3270 1275 3306 eos
1293 3255 1378 3307 laudet

227 3316 271 3367 tibi
289 3317 374 3367 tinum
399 3320 504 3383 prebere
527 3318 612 3385 possit,
633 3334 678 3367 nec
698 3326 786 3384 presto
816 3334 871 3383 sup.
883 3317 961 3383 Epist.
974 3318 992 3375 i,
1004 3320 1028 3375 7,
1040 3321 1082 3369 26.
1107 3320 1241 3376 immunem,
1254 3319 1323 3370 nullo
1333 3323 1377 3371 ob·

227 3380 295 3431 edent
302 3382 420 3439 meretrix,
431 3391 488 3433 cett.
817 3382 868 3430 loto
876 3398 991 3443 munere3
1009 3383 1065 3433 binc
1076 3400 1130 3450 sup.
1141 3384 1191 3434 Od.
1201 3383 1233 3441 iv,
1247 3386 1270 3441 l,
1282 3386 1308 3441 3,
1319 3403 1380 3448 pro·

257 3448 364 3496 26-28.
389 3447 464 3496 Terra
484 3449 580 3511 mois,
607 3446 691 3496 mstiei
712 3446 786 3502 euim,
818 3448 847 3495 lis
860 3463 923 3495 mm
936 3450 1243 3513 bonoesubrcgnocinorae.
1278 3450 1377 3511 Rapaci,

226 3511 346 3578 precipue
356 3510 412 3559 rino
422 3526 514 3575 garos,
521 3527 577 3560 cum
586 3512 683 3568 saltant,
691 3511 788 3576 gravius
818 3526 944 3560 musenim
961 3512 1025 3578 apud
1037 3513 1096 3561 elios
1112 3510 1326 3625 appetentiam&
1343 3514 1378 3565 ric

226 3573 419 3637 pnlsentterrsm
429 3576 539 3641 pedibus.
573 3575 692 3624 Ettansn
706 3593 737 3624 ur
752 3592 783 3633 cs,
815 3576 1206 3641 mpardominoepud'l'ibul.ii,
1219 3578 1296 3633 mo.

225 3645 284 3687 cen.
293 3654 379 3688 sensus
394 3648 420 3689 et
435 3655 530 3689 naus:
546 3647 662 3689 ettamen
678 3656 726 3689 non
755 3640 785 3677 '-
848 3641 889 3689 ³4.
906 3640 1033 3689 Bibulum:
1049 3642 1095 3690 ini.
1108 3642 1185 3705 Epist.
1197 3640 1214 3698 i,
1224 3642 1263 3698 lt,
1274 3643 1316 3699 91,
1330 3642 1374 3690 Po·

227 3700 281 3751 tun
290 3702 377 3767 ignaro
386 3703 445 3762 otio,
451 3705 516 3778 quod
525 3703 629 3753 excitare
639 3705 714 3770 possit
719 3704 786 3753 urbis
817 3714 875 3752 tores
887 3706 962 3752 tituli
972 3707 1047 3753 medio
1057 3708 1085 3754 de
1095 3716 1159 3753 nocte
1171 3706 1276 3753 Falerni.

225 3763 378 3825 desiderium,
393 3769 443 3817 imo
470 3783 509 3816 sm
526 3767 617 3833 pridem
632 3769 672 3818 vel
688 3768 787 3817 insuda
850 3768 1172 3825 ³5.Coenotrrotr,modica,
1196 3784 1235 3817 ue
1243 3769 1310 3817 brevi
1319 3777 1379 3819 tem-

226 3831 438 3897 agroligonibusl
467 3832 596 3888 iendo.vel
607 3833 726 3882 boremin
737 3842 786 3881 sta·
850 3848 875 3881 re
890 3832 1011 3891 sumitur;
1026 3833 1137 3883 similiter
1152 3785 1197 3883 inl.
1214 3833 1239 3881 in
1257 3833 1334 3897 Epist.
1347 3834 1380 3883 nd

226 3893 511 3953 munumentum
525 3896 620 3947 frondes
635 3898 658 3947 ei
673 3912 720 3963 sup
767 3898 786 3935 '-
841 3898 1015 3953 is.l9ti,memc
1025 3900 1107 3947 besu.
1125 3899 1380 3961 Properioumromnur

225 3965 271 4031 tu.
305 3960 457 4024 Disjunotum
463 3978 473 4019 ς
490 3961 516 4009 iu
527 3961 624 4011 stabulo
638 3961 704 4011 enim
772 3976 787 4010 c
817 3961 1380 4073 inherboqtorogmminco),cstmollior·,hinc

224 4038 286 4088 Jngo
295 4024 490 4089 disjunctusest.
820 4025 1007 4089 virg.Ec.vii‚
1017 4028 1057 4082 45,
1070 4028 1170 4075 illuscori
1174 4026 1382 4093 fontaneticum

258 4090 301 4145 29,
319 4090 361 4139 ³0.
384 4091 459 4139 Addit
476 4104 534 4150 opus
550 4091 619 4152 pigro
637 4093 710 4148 risus,
729 4098 787 4140 cett.
819 4092 910 4138 mollior
930 4092 1015 4149 Ιιπὸας
1040 4090 1133 4157 accipio
1156 4098 1237 4140 entem
1258 4100 1333 4139 murno
1354 4092 1381 4142 in

225 4150 272 4201 boc
283 4154 377 4204 secedit
393 4154 461 4203 labor
472 4167 521 4218 quo
533 4162 557 4201 te
571 4153 673 4203 otiosum
684 4164 788 4221 occupet
819 4154 845 4202 b.
858 4154 876 4203 l.
888 4154 985 4219 Virgilii
995 4170 1045 4203 non
1059 4155 1085 4204 in
1102 4156 1215 4211 nulnum,
1227 4155 1306 4205 sedin
1318 4154 1383 4206 deti·

225 4214 299 4275 riruc,
312 4218 396 4282 quisi
415 4218 492 4267 imber
501 4217 600 4274 decidit,
611 4222 686 4267 mutto
698 4222 755 4269 nole
771 4236 788 4269 s
817 4234 858 4275 ro,
870 4234 921 4284 pro,
934 4235 1045 4268 somnum
1055 4220 1168 4285 capienti,
1180 4219 1316 4270 dormienti.

226 4282 787 4398 ν
819 4284 893 4397 ..s

225 4417 284 4459 cett.
316 4414 438 4462 Ducenda
461 4428 567 4488 pos-cers,
589 4382 710 4477 elegrirter
736 4384 788 4478 pro’,
819 4412 973 4461 intermittere
992 4412 1077 4463 ludum
1095 4414 1174 4472 illum,
1191 4383 1328 4462 son'finen
1345 4414 1382 4463 le-

227 4477 387 4525 coerosndnr:
403 4477 448 4525 inl.
459 4492 486 4525 ru
497 4476 576 4542 Epist.
587 4475 619 4524 sd
631 4477 680 4525 Pis.
690 4478 731 4533 68,
740 4496 789 4525 nn·
822 4492 876 4525 cere
887 4476 991 4541 juvenili
1007 4478 1140 4543 protervia,
1157 4478 1182 4529 id
1198 4477 1284 4543 pudori
1299 4485 1325 4527 ct
1339 4478 1382 4529 ds·

228 4540 378 4590 nit-doctus
398 4545 445 4591 iter
464 4542 557 4589 mlius.
589 4542 676 4603 Aprico
696 4558 791 4604 parom
823 4540 902 4591 decori
911 4550 957 4590 est.

226 4613 303 4664 reto,
323 4620 354 4655 ne
370 4606 397 4654 in
415 4614 510 4671 patum
529 4605 638 4670 apricum
656 4621 683 4655 se
701 4606 788 4655 immit·
854 4608 896 4655 37.
915 4606 978 4663 istic,
989 4606 1015 4655 in
1025 4606 1085 4655 ville
1095 4621 1158 4661 mcc,
1170 4604 1196 4653 in
1207 4620 1274 4669 egro.

229 4675 273 4716 iti·-
854 4672 896 4719 38.
914 4672 1011 4734 Obliqtro
1027 4673 1092 4719 oculo
1109 4668 1226 4735 (invidie)
1242 4670 1328 4727 Limot,
1341 4672 1383 4723 de-

263 4735 305 4784 ³1.
322 4735 387 4789 Quid
409 4743 512 4785 nostrum
533 4743 667 4784 certantum
688 4737 790 4793 diuidat,
823 4735 885 4796 terit,
908 4733 996 4785 inr‘dn
1019 4735 1130 4801 limisque
1156 4734 1234 4785 oculis
1259 4733 1386 4789 intitbmt
