3659 5892
664 532 828 621 'maan
851 552 896 631 11,
921 555 951 617 a.

323 702 402 769 Non
416 704 494 767 eatis
509 713 561 767 est
575 702 722 769 Ithacam
735 704 857 783 revehi,
873 708 1062 791 patriosque
1076 720 1212 793 penates

267 804 290 868 5
321 803 528 890 Adspiceret
573 804 606 869 O
621 804 701 871 nulli
715 806 893 891 quidquam
908 810 1052 886 mentite,
1067 811 1159 875 vides
1174 822 1212 875 ut

321 906 443 971 Nudus
458 907 618 991 inopsque
634 907 764 972 domum
779 908 921 987 redeam,
938 920 971 974 te
985 920 1070 989 vate,
1086 934 1193 997 neque
1207 911 1272 977 illic

321 1005 392 1071 Aut
406 1008 567 1093 apotheca
581 1010 689 1093 procis
705 1009 827 1075 intacta
841 1021 902 1088 est,
919 1021 976 1076 aut
990 1034 1110 1099 peous;
1134 1016 1225 1099 atqui

321 1108 367 1173 Et
382 1130 497 1194 genus,
512 1121 547 1173 et
561 1110 676 1188 virtus,
692 1112 754 1175 nisi
769 1134 842 1177 cum
855 1134 903 1191 re,
920 1112 1015 1178 vilior
1029 1115 1103 1201 alga
1117 1128 1178 1181 est.

321 1210 464 1286 Quando
478 1212 678 1297 pauperiem,
694 1214 801 1277 missis
816 1216 1020 1300 ambagibus,
1036 1216 1163 1296 horrea,

258 1314 298 1378 10
319 1312 456 1399 Accipe,
472 1336 537 1397 qua
551 1314 676 1379 ratione
691 1336 792 1398 queas
807 1314 979 1383 ditescere.
1024 1318 1173 1397 Turdus,

320 1414 396 1480 Sive
412 1415 500 1480 aliud
514 1416 642 1500 privum
656 1414 788 1481 dabitur
803 1418 875 1495 tibi,
891 1417 1022 1484 devolet
1036 1420 1124 1499 illuc,

319 1516 389 1582 Res
405 1518 463 1582 ubi
476 1538 593 1601 magna
607 1518 700 1595 nitet,
716 1517 847 1583 domino
862 1542 957 1599 aene,
981 1521 1089 1587 dulcia
1102 1546 1211 1608 poma,

320 1618 367 1683 Et
381 1642 593 1707 quoscunque
609 1618 692 1684 feret
707 1619 813 1685 cultus
829 1622 890 1686 tibi
905 1621 1027 1687 fundus
1042 1625 1196 1704 honores,

318 1720 408 1787 Ante
423 1720 542 1787 Larem
558 1732 669 1806 gustet
683 1722 898 1787 venerabilior
914 1724 1002 1791 Lare
1018 1726 1127 1807 dives3
1162 1795 1170 1810 ,

256 1822 297 1886 15
318 1822 397 1901 Qui,
411 1825 557 1908 quamvis
572 1824 723 1909 perjurus
739 1825 811 1901 erit,
829 1824 898 1889 sine
913 1836 1022 1910 gente,
1040 1840 1195 1893 cruentus

321 1924 486 2010 Sanguine
502 1925 657 2003 fraterno,
673 1924 848 2010 fugitivus3
873 1948 913 1991 ne
929 1938 1037 1993 tamen
1052 1928 1099 1993 illi

316 2027 372 2091 Tu
386 2048 494 2093 comes
509 2028 663 2104 exterior,
678 2028 706 2091 si
720 2027 875 2112 postulet,
888 2028 936 2093 ire
950 2051 1093 2095 recuses.

319 2128 407 2195 Utne
421 2141 528 2215 tegern
544 2151 662 2217 spurco
679 2130 795 2193 Damae
810 2130 918 2197 latus?
940 2132 1029 2196 haud
1045 2135 1091 2197 ita
1105 2125 1218 2219 Trojoe

316 2230 375 2297 Me
389 2234 489 2317 gessi,
506 2244 633 2301 certans
650 2254 778 2317 semper
792 2232 990 2298 melioribus.
1038 2234 1130 2320 Ergo

251 2332 295 2396 20
317 2333 448 2420 Pauper
462 2336 537 2401 erio.
584 2335 716 2399 Fortem
731 2334 794 2399 hoc
809 2335 949 2399 animum
965 2335 1104 2401 tolerare
1113 2338 1256 2422 jubebo:

316 2436 364 2501 Et
378 2438 544 2521 quondam
559 2438 681 2521 majora
696 2436 765 2503 tuli.
812 2436 867 2501 Tu
882 2439 1043 2522 protinus,
1059 2438 1146 2503 unde

317 2528 458 2605 Divitias
474 2542 613 2627 aerisque
627 2562 730 2616 ruam,
746 2538 800 2603 dic
816 2561 932 2624 augur,
948 2561 1091 2605 acervos.

316 2639 398 2706 Dixi
413 2644 575 2727 equidem,
592 2654 626 2707 et
641 2642 726 2705 dico.
773 2638 896 2724 Captos
912 2652 1041 2705 astutus
1057 2644 1179 2726 ubique

227 2790 693 2859 modoaqaibuaamnsasrerepmre
702 2790 787 2857 possit,
820 2790 924 2847 Devolet,
948 2792 1127 2842 accommodate
1147 2794 1178 2843 ad
1200 2794 1290 2843 alatum
1312 2796 1381 2862 quasi

227 2854 318 2905 discere
339 2857 414 2923 cupit,
437 2856 488 2923 ipse
510 2856 617 2905 omnium
639 2856 787 2905 fallaciarum
820 2870 908 2903 munus
921 2860 998 2905 turdi.

227 2920 391 2985 pentierimus.
425 2920 508 2969 Dotoro
523 2922 643 2985 eleganter
654 2930 679 2969 et
731 2920 789 2969 viter
855 2920 894 2969 1³.
907 2920 1382 2987 Honorudructueinaignioree,scilicet

227 3000 277 3049 pro,
300 2985 353 3035 tibi.
387 2985 427 3035 Sic
448 2986 511 3035 enirn
528 2986 668 3049 designetur
715 2986 788 3051 lyssee
820 2982 944 3051 primitias,
957 2986 1097 3051 queofferri
1106 2988 1215 3037 solebant
1226 2988 1336 3035 Laribus.

226 3048 290 3106 talis,
313 3050 393 3115 qualit
419 3062 479 3107 erat,
508 3050 677 3116 πολύτροπος,
702 3061 730 3100 ut
757 3052 787 3097 ab
855 3051 892 3097 16.
911 3050 1380 3117 Fegttr'oru,aervuenequam,quiclem

226 3114 332 3165 Homero
348 3116 373 3163 ia
392 3114 468 3181 primo
484 3114 564 3164 atatim
581 3130 650 3165 versu
671 3116 786 3181 Odysseae
819 3112 913 3162 edomo
924 3114 975 3163 heri
986 3116 1090 3180 aufugit.

225 3190 331 3230 vocetur.
854 3178 892 3227 17.
903 3179 1085 3237 lili-exterior,
1095 3180 1211 3229 asinietro
1220 3180 1285 3229 illius
1293 3179 1380 3241 tatem

258 3244 282 3293 6.
301 3244 332 3293 Te
351 3256 410 3301 oute,
429 3250 457 3293 ut
474 3252 499 3293 tu
518 3245 569 3311 ipse
584 3242 728 3293 vaticinatus
744 3256 785 3293 es:
818 3244 925 3301 ceremur,
937 3245 1007 3309 quasi
1016 3245 1080 3293 adsit
1093 3245 1307 3293 addeteodendum
1319 3245 1380 3293 iate-

225 3308 590 3385 Homer.0dyss.xi,110sqq.
819 3306 911 3363 riorem,
935 3308 1006 3373 cujus
1032 3309 1155 3358 sinistrum
1177 3310 1239 3358 letus
1261 3310 1319 3373 tegit
1342 3308 1381 3359 vel

258 3373 283 3421 7.
301 3375 423 3436 Apertam,
436 3372 500 3423 cella
510 3372 609 3429 nnana,
625 3372 650 3421 in
667 3388 695 3421 eu
726 3371 787 3421 riore
819 3373 918 3429 claudit,
930 3376 1040 3422 interiore
1050 3382 1088 3421 est
1101 3372 1211 3431 interior,
1228 3374 1287 3429 sive,
1299 3374 1321 3421 is
1337 3373 1380 3438 qui

226 3436 313 3487 tedium
339 3446 414 3503 parte,
437 3437 513 3495 iumo,
535 3454 583 3503 quo
609 3444 692 3487 contra
710 3444 788 3486 eretur
818 3434 837 3485 it
847 3440 954 3492 exterior,
965 3440 1098 3486 interiorem
1113 3438 1161 3485 sibi
1170 3438 1209 3487 vei
1228 3438 1378 3495 auctoritate,

226 3501 280 3551 vino
297 3502 431 3559 maturitas,
474 3502 539 3561 τοῖος
556 3502 612 3551 hinc
631 3500 685 3552 cadi
697 3502 788 3567 sonori
819 3500 857 3548 rel
868 3500 993 3564 dignitate,
1006 3501 1044 3550 vel
1056 3503 1143 3551 honore
1152 3502 1249 3559 anteire,
1261 3501 1379 3552 ostendit:

227 3566 439 3633 Falerniapud'li
456 3568 539 3623 ull.ii.
553 3567 631 3624 hil.
820 3564 904 3613 Schol.
927 3565 996 3623 Aca,
1015 3570 1121 3624 citerior,
1140 3568 1277 3623 sinisterior,
1296 3569 1322 3614 in
1347 3570 1379 3614 ri·

258 3632 283 3679 8.
301 3632 333 3680 Et
350 3648 434 3697 genua,
451 3640 473 3679 et
491 3634 574 3687 virtut,
587 3634 632 3679 nisi
644 3648 696 3681 curn
705 3647 738 3686 re,
752 3646 787 3677 sc.
820 3632 896 3679 nistra
907 3640 974 3691 parte
982 3634 1077 3692 potitam.

225 3692 355 3755 familiari3
372 3696 429 3745 hinc
440 3712 495 3761 sup.
506 3698 555 3745 Sat.
567 3696 628 3754 ii,3,
640 3698 682 3751 95,
707 3695 787 3743 Omnia
853 3695 894 3743 le.
914 3694 975 3742 Utnc
993 3705 1078 3758 tegam,
1096 3701 1154 3743 cett.
1172 3700 1229 3743 tuae
1245 3710 1284 3743 me
1303 3696 1379 3757 (eate-

224 3762 284 3807 ern'm
291 3776 335 3819 rer,
349 3760 521 3829 itemquae,
531 3764 606 3816 decue
616 3760 785 3809 divinatum-
817 3758 918 3835 τίοι-οη)
941 3758 1061 3807 sinistrum
1084 3759 1148 3807 letus
1169 3758 1249 3823 spurci
1275 3759 1379 3825 alicujus

224 3839 299 3888 noque
307 3826 411 3887 pulchris
423 3826 519 3873 Divitiis
529 3836 622 3887 parcnt.
650 3824 722 3873 Vilior
731 3826 786 3897 aiga
819 3822 930 3881 hominm,
942 3822 983 3871 cui
993 3838 1060 3872 servo
1071 3830 1126 3873 aute
1136 3838 1223 3871 mmea
1234 3824 1314 3872 Darna
1325 3822 1379 3879 luit,

224 3898 266 3937 ert.
283 3890 354 3953 Aiga,
363 3888 505 3955 proverbiali
517 3888 637 3937 locutione
647 3888 676 3937 de
687 3904 712 3937 re
720 3888 786 3936 vilra·
819 3887 931 3937 claudere
939 3887 1026 3954 jubeat

225 3952 787 4017 sima:virg.Ect.vii,tt,prq7·eeuvtnoratga
856 3954 894 4001 19.
922 3953 1066 4008 Melioribus,
1097 3968 1136 4002 me
1165 3950 1378 4019 praestantioribus,

260 4018 298 4066 ll.
310 4019 361 4067 Siue
372 4020 449 4075 aiirad,
460 4025 517 4067 cett.
531 4018 569 4067 vel
580 4017 600 4065 si
613 4017 657 4066 tibi
667 4024 705 4066 est
721 4017 788 4067 eliud
821 4016 964 4073 fortioribus,
976 4025 1004 4065 ut
1015 4016 1120 4074 Achille,
1134 4017 1219 4083 Ajace.

224 4080 338 4146 quiddam
354 4086 457 4145 privum,
472 4082 601 4148 peculiare,
613 4081 744 4145 singulare,
755 4081 785 4131 de
849 4082 891 4129 21.
909 4082 942 4130 Et
960 4084 1073 4145 quondam
1096 4087 1183 4145 maiora
1200 4084 1259 4131 tati:
1282 4082 1380 4129 llomer.

224 4147 331 4211 eoquod
346 4146 418 4195 alicui
430 4154 466 4195 eet
478 4146 605 4213 proprium,
616 4147 681 4211 quod
690 4145 785 4211 ,eliquia
818 4146 908 4211 Odyss.
926 4162 950 4203 v,
971 4147 1028 4204 22³,
1047 4145 1090 4194 ubi
1118 4147 1226 4211 Ulysses,
1245 4144 1310 4206 Ἤδη
1331 4147 1380 4211 γὰρ

224 4210 337 4275 praeliis
349 4211 438 4270 habet;
455 4227 511 4275 ergo
523 4211 613 4275 aliquid
625 4211 678 4267 rari,
691 4212 749 4277 (uos
760 4211 785 4260 iu
817 4211 886 4275 μάλα
906 4209 982 4261 πόλλ’
999 4212 1097 4261 ἔπαθον
1114 4214 1156 4261 cai
1174 4210 1248 4260 πόλλ’
1267 4210 1380 4275 ἐμόγησα

224 4274 273 4323 viu
285 4276 406 4324 communi
418 4275 495 4326 dicere
514 4277 626 4333 solemus,
643 4286 710 4324 etuas
726 4277 784 4323 dcii·
819 4274 918 4339 Κύμαοι
928 4276 970 4325 ecl
982 4275 1092 4341 πολέμῳ.

224 4340 294 4397 ieter,
317 4341 459 4402 meantime)
482 4341 553 4407 quale
576 4356 618 4406 pro
641 4340 784 4389 munusculo
848 4342 890 4388 22.
909 4342 994 4396 Reum,
1017 4356 1108 4395 eruam,
1127 4338 1247 4395 effodiam,
1270 4346 1379 4403 respectu

224 4404 308 4454 amieis
326 4405 389 4453 mitti
415 4405 483 4462 colet,
507 4414 534 4455 ut
559 4408 651 4461 turdau,
679 4404 721 4469 qui
754 4404 784 4453 ad
817 4404 898 4453 habito
927 4403 975 4453 loci
1000 4405 1043 4453 ubi
1063 4420 1156 4462 aurum,
1178 4410 1311 4467 argentum,
1334 4417 1381 4449 era

223 4469 322 4519 rariores
332 4484 399 4518 escas
441 4470 520 4527 rtiaet,
529 4478 563 4527 et,
575 4488 630 4535 que
642 4478 784 4534 sequuntur,
817 4468 1030 4527 letent,subterra
1039 4466 1379 4526 scilicetundedebenterui,

224 4533 344 4583 t'mctuum
368 4534 393 4583 in
434 4536 492 4584 ortis
513 4534 579 4583 t'uud'
611 4550 642 4585 ue
664 4534 784 4601 primitia
816 4534 903 4595 effodi3
920 4532 1001 4646 itaque
1015 4552 1083 4582 ruam
1095 4532 1148 4597 jam
1165 4530 1380 4595 significanterpro

224 4598 316 4647 Eodem
343 4598 405 4648 redit
426 4600 570 4650 e'Gesoero
608 4600 691 4649 elenen
713 4600 785 4648 lectio
818 4598 920 4663 vulgari,
933 4614 956 4646 m
983 4598 1090 4664 iperem,
1098 4597 1219 4661 colligam,
1229 4598 1280 4643 cria
1291 4611 1380 4643 acervos

221 4666 332 4725 primum,
345 4680 401 4728 qua
413 4672 499 4713 nostre
511 4664 621 4715 lectionis
631 4662 785 4713 videturesse
816 4680 893 4721 mam.
913 4680 947 4713 es
957 4616 1122 4728 l(pecuniam)
1142 4674 1295 4719 coacervem,
1312 4676 1381 4707 nter-c

224 4726 394 4794 interpretatio.
423 4730 527 4779 Dabitur
538 4731 590 4785 titi,
601 4728 644 4778 tibi
655 4728 785 4841 confingeg.
793 4792 809 4841 d
817 4744 859 4840 pro
877 4744 958 4777 unere
975 4728 1080 4793 passim:
1099 4726 1179 4776 Lucil.
1190 4723 1254 4791 apud
1267 4724 1332 4773 Noa.
1346 4724 1379 4781 iv,
