3659 5892
438 540 502 604 876
593 571 595 577 .
848 532 1174 609 SATIRARUM

448 692 503 756 '20
525 692 697 759 Excussus
712 696 871 781 propriis:
895 696 971 761 olim
983 718 1059 761 uam
1072 720 1220 781 quaerere
1234 698 1395 775 amabam,-

526 794 604 869 Quo
619 796 708 862 vafer
723 798 776 863 ille
792 799 893 883 pedes
908 798 1043 863 lavisset
1057 799 1220 884 Sisyphus
1234 821 1311 876 oerc,

526 897 619 972 Quid
635 899 799 985 sculptum
812 898 951 978 infabre,
962 900 1045 985 quid
1058 899 1169 966 susum
1183 902 1299 965 durim
1313 912 1420 967 esset:

527 999 673 1066 Callidus
688 1001 765 1068 huic
781 1004 875 1087 signo
889 1005 1052 1087 ponebam
1066 1002 1166 1068 millia
1178 1012 1327 1069 centum:

526 1101 654 1169 Hortos
669 1107 884 1191 egregiasque
898 1104 1013 1171 domos
1027 1106 1203 1171 mercarier
1216 1127 1301 1169 unus

462 1204 506 1267 25
529 1204 612 1269 Cum
626 1206 717 1273 lucro
731 1230 861 1286 noram;
884 1208 974 1273 unde
988 1207 1173 1292 frequentia
1187 1205 1384 1273 Mercuriale

527 1308 717 1393 Imposuere
732 1310 811 1375 mihi
824 1328 1005 1395 cognomen
1019 1312 1171 1396 compita
1216 1310 1317 1388 Novi,

529 1409 576 1475 Et
589 1414 695 1477 morbi
709 1414 808 1477 miror
822 1422 998 1498 purgatum
1013 1424 1046 1477 te
1061 1411 1159 1477 illius.
1204 1412 1310 1497 Atqui

528 1511 660 1579 Emovit
675 1524 817 1580 veterem
831 1516 910 1580 mire
926 1537 1042 1592 novus,
1057 1526 1096 1579 ut
1110 1515 1205 1594 solet,
1219 1516 1254 1579 in
1268 1536 1326 1580 cor

528 1614 683 1700 Tr‘ajecto
697 1616 809 1682 lateris
823 1618 933 1681 miseri
947 1618 1130 1702 capitisque
1145 1617 1280 1695 dolores

463 1717 508 1781 30
529 1717 577 1783 Ut
591 1717 790 1804 lethargicus
805 1719 870 1797 hic,
886 1740 987 1804 quum
1001 1718 1041 1783 fit
1053 1719 1157 1805 pugil,
1172 1730 1208 1785 et
1219 1721 1383 1785 medicum
1396 1732 1504 1806 urget.

527 1820 617 1885 Dum
632 1843 673 1885 ne
689 1822 768 1905 quid
784 1821 885 1887 simile
899 1821 989 1899 huic,
1005 1830 1077 1886 esto
1090 1832 1127 1885 ut
1141 1821 1232 1887 libet.
1279 1821 1312 1886 0
1328 1823 1425 1901 bone,
1440 1845 1482 1887 ne
1497 1832 1529 1888 te

527 1923 721 2003 Frustrere3
744 1925 866 1989 insanis
881 1934 915 1989 et
929 1932 968 1987 tu
981 1923 1137 2007 stultique
1152 1948 1256 2009 prope
1270 1946 1393 2003 omnes,

443 2110 479 2144 res
490 2108 545 2144 msa
553 2078 677 2149 familiaris
686 2094 832 2144 comminuta
840 2105 864 2145 et
873 2094 949 2143 fracta
958 2102 1004 2151 est,
1038 2093 1098 2159 quid
1114 2095 1245 2160 acquirere,
1260 2110 1407 2162 comparare,
1423 2094 1555 2145 sedetiam
1571 2096 1598 2144 ia

443 2167 471 2233 ut
480 2159 548 2208 navis
558 2175 614 2234 qua
626 2158 650 2233 vi
664 2160 811 2225 tempestatis
828 2160 855 2234 in
869 2159 929 2209 mari
940 2159 1004 2233 fraa-
1038 2158 1130 2234 aiiquid
1140 2161 1268 2236 inquirere,
1275 2158 1368 2225 aliquid
1378 2159 1523 2235 carminare,
1531 2160 1598 2235 diui

443 2223 1004 2369 nizatristissumum
1036 2223 1600 2364 aetna,

442 2352 627 2483 bismait.
640 2352 965 2491 remittitis?
972 2360 1005 2467 ,t
1035 2353 1598 2483 tt‘:,¹t}⁵,ttattt“ttt“tmtt“¹tz

443 2480 546 2530 Anthol.
558 2482 638 2531 Grac.
650 2484 681 2531 T.
698 2481 723 2539 ir,
737 2483 760 2540 l,
776 2500 801 2549 p.
813 2484 860 2531 137
874 2500 933 2549 sqq.
954 2484 1004 2557 'Ar
1029 2482 1368 2549 sabrr,quidfassmdurius
1383 2493 1449 2532 met.
1481 2483 1598 2532 Ceteram

442 2544 530 2595 Janam
539 2548 649 2595 medium:
662 2548 806 2596 eratinsoro
816 2548 1005 2596 Romanovrcus
1038 2547 1214 2613 Damasippum
1231 2558 1336 2596 veterum
1354 2554 1487 2596 summum
1503 2556 1598 2621 amato·

444 2610 502 2658 Jani
514 2612 543 2724 5²
555 2610 614 2685 Japi
624 2610 733 2685 bifrontis
744 2612 783 2661 vel
794 2612 891 2689 templo,
903 2612 942 2661 vel
955 2612 1006 2689 sip.
1037 2628 1085 2685 ¹rem
1101 2611 1311 2687 supradiximus
1326 2626 1424 2687 qaoque
1438 2626 1468 2659 er
1480 2612 1599 2689 (iacemus

444 2686 520 2729 no‚ve
540 2676 643 2750 atnbus
685 2677 1006 2753 rvustransrnpnibrrs,3iaus
1037 2692 1069 2750 aa.
1086 2677 1218 2752 Epasmad
1239 2677 1308 2725 Fam.
1328 2692 1371 2733 ru,
1392 2678 1434 2726 23.
1462 2674 1598 2751 'Saeptum

443 2740 1004 2879 {roiensemremittam:
1035 2740 1598 2880 ,castaneas

443 2874 494 2916 ton.
513 2870 618 2933 August.
636 2868 692 2943 al),
710 2870 735 2917 in
754 2886 825 2935 cujus
844 2872 920 2919 media
938 2877 1005 2935 parte
1036 2885 1102 2919 nanc
1118 2871 1194 2936 auser.
1227 2869 1302 2937 Apud
1315 2871 1415 2919 Homer.
1427 2869 1499 2919 lbad.
1509 2872 1543 2927 ri,
1553 2872 1596 2927 53,

444 2932 455 2993 (
475 2932 535 2981 rima
546 2933 619 3047 lippus
630 2934 677 2982 vim
688 2949 742 2999 pars
752 2938 840 2997 primas
852 2950 894 2983 seu
905 2951 1005 2984 stammas
1036 2934 1159 3000 κέρδιστος
1169 2934 1270 3049 deppae
1281 2943 1387 2984 vocatur.
1420 2935 1461 2983 De
1471 2950 1554 2999 poeua,
1564 2938 1597 2984 ob

460 3014 562 3055 aarum
594 2999 617 3048 ia
627 3000 714 3049 medias
723 3000 809 3057 lanas,
818 2998 901 3047 infima
911 3000 1004 3063 infimus
1035 2999 1161 3060 latrocinia
1171 3010 1196 3049 at
1230 2999 1343 3049 'adolosa
1381 2998 1598 3065 rpatratafacinara

443 3061 482 3108 vei
496 3064 555 3111 imas
563 3063 639 3111 Jonas
649 3063 784 3119 dicebatur,
796 3063 828 3112 cf.
840 3063 884 3112 ini.-
896 3064 975 3128 Epist.
985 3062 1003 3119 i,
1036 3062 1100 3130 apud
1110 3064 1198 3113 inferos
1208 3065 1231 3113 ei
1242 3064 1333 3130 pariere
1367 3080 1391 3121 a,
1403 3064 1471 3113 locus
1481 3062 1598 3114 classicus

446 3125 469 3179 l,
482 3126 538 3190 54),
550 3143 604 3191 qua
616 3126 689 3177 inisse
700 3127 794 3177 videtur
805 3127 1004 3193 frequentissima,
1036 3136 1073 3178 est
1081 3128 1146 3194 apud
1157 3130 1257 3178 Homer.
1269 3129 1308 3177 Od
1325 3144 1357 3177 ss.
1369 3128 1402 3185 xi,
1414 3130 1462 3178 592
1473 3144 1502 3191 sq
1520 3162 1527 3175 .

444 3188 605 3247 ioeneratorea
622 3190 653 3239 ad
670 3207 765 3240 mansas
780 3192 819 3241 vel
836 3194 948 3242 tabernas
964 3208 1003 3240 ar·
1068 3194 1110 3242 22
1129 3193 1233 3268 irpfuore,
1250 3193 1299 3241 bau
1328 3192 1360 3241 ad
1377 3192 1434 3241 artis
1448 3192 1488 3241 iab
1502 3192 1525 3203 '¹
1550 3193 1598 3244 sci·

444 3256 563 3367 ppmarias
579 3256 688 3307 sedentes
719 3256 773 3306 Cic.
788 3256 819 3306 de
835 3258 906 3307 Offic.
924 3256 950 3313 ii,
962 3259 1004 3315 25,
1036 3258 1308 3322 entiam,meleganter;
1326 3258 1470 3306 carnarium
1484 3266 1522 3306 est
1535 3258 1598 3323 affa-

473 3322 552 3369 dtoto
573 3322 613 3370 boc
632 3324 660 3369 ds
677 3337 768 3385 genera,
787 3323 814 3369 ds
830 3325 961 3385 quarrada,
978 3325 1006 3369 ris
1038 3324 1085 3371 bre.
1118 3323 1219 3381 Derim,
1230 3322 1311 3371 miuus
1325 3328 1455 3387 purgatum
1465 3322 1496 3371 ab
1506 3322 1596 3387 asperi-

444 3386 575 3433 collocanda
590 3388 777 3446 psammeticus
792 3388 820 3435 da
838 3388 934 3442 attende,
946 3401 1005 3434 cors·
1037 3394 1102 3445 tate;
1117 3387 1262 3436 contrarium
1277 3395 1315 3436 est
1328 3387 1436 3435 nomas
1453 3385 1525 3450 Virg.
1537 3389 1598 3437 AEm

445 3452 704 3513 modiusaquibusdam
715 3453 805 3513 optimis
818 3452 875 3499 siris
887 3450 1003 3515 (ioenera·
1036 3451 1068 3507 vi,
1087 3453 1145 3508 847,
1164 3451 1285 3501 Ermaenr
1306 3454 1351 3500 atii
1369 3453 1485 3514 spirantia
1505 3453 1599 3501 mallius

444 3512 559 3577 toribus),
583 3518 614 3563 ad
635 3518 734 3563 taedium
755 3514 843 3563 Janum
867 3518 1004 3572 udesrtibus,
1036 3533 1092 3563 ara.

445 3582 551 3640 prtamub
561 3580 616 3629 aliis
626 3580 761 3642 pbilosophis
772 3582 824 3627 ulla
834 3582 860 3628 irs
871 3580 947 3628 sabaia
958 3580 1004 3628 ‹tis-
1069 3582 1111 3629 2³.
1129 3582 1251 3628 Calliam:
1270 3588 1299 3629 ut
1313 3579 1386 3628 bomo
1396 3579 1484 3628 veteris
1500 3578 1559 3628 artis
1573 3588 1600 3629 et

444 3646 553 3702 putatur,
568 3644 601 3693 ci.
613 3644 667 3693 Cic.
681 3644 788 3709 Philipp.
800 3644 832 3701 ri,
845 3648 884 3705 5),
900 3659 938 3692 res
950 3659 1007 3692 suas
1038 3653 1143 3692 veterum
1154 3651 1361 3694 monumentorum
1371 3652 1435 3693 recte
1444 3642 1599 3693 amnne

445 3708 558 3769 agebant,
591 3708 629 3760 ibi
640 3708 712 3772 igitur
722 3708 887 3775 Damasippus
903 3708 930 3757 iu
940 3708 1003 3757 vasis
1034 3724 1087 3756 rum
1104 3709 1166 3758 bene
1182 3708 1280 3774 peritas,
1295 3708 1391 3758 subtilis
1406 3706 1492 3773 juder,
1508 3716 1536 3756 ut
1552 3710 1598 3761 inf·

446 3772 559 3836 antiquis,
572 3774 615 3823 uti
633 3788 658 3820 se
670 3773 741 3837 paulo
752 3779 806 3837 post
817 3781 938 3829 narrat,ct
949 3773 1004 3821 aliis
1035 3773 1114 3838 Epist.
1123 3772 1141 3830 i,
1153 3775 1178 3831 7,
1193 3775 1248 3829 101,
1258 3774 1356 3822 Subtitis
1371 3784 1474 3822 meram
1482 3776 1560 3836 juder
1575 3784 1599 3823 et

445 3836 517 3884 rebus
542 3790 631 3885 insani
669 3836 728 3886 retia
748 3838 883 3886 coemendis
905 3836 1002 3895 nimius,
1034 3840 1220 3887 cattidasaadis.
1244 3838 1317 3896 Huic,
1326 3838 1384 3886 buic
1393 3845 1420 3887 ct
1429 3837 1475 3895 illi,
1484 3837 1600 3899 cuidam3

446 3914 566 3950 versuram
578 3901 642 3966 apud
649 3852 802 3951 ioensmtoras
813 3900 924 3951 iaciendo
931 3902 1007 3951 bono·
1039 3912 1067 3951 ut
1077 3919 1100 3951 v.
1110 3904 1150 3959 30,
1166 3902 1189 3950 U
1189 3914 1199 3951 t
1210 3903 1352 3967 lethargicus
1363 3904 1409 3960 bic,
1421 3902 1517 3965 aliquis,
1528 3910 1552 3952 et
1562 3903 1598 3952 sic

446 3979 500 4012 rum
510 3965 660 4031 naufragium
673 3982 758 4032 passus
767 3974 812 4015 est.
845 3968 1006 4031 Alienamgo·
1039 3966 1127 4033 passim
1145 3968 1191 4015 bic.
1223 3967 1347 4025 Praebeat,
1365 3966 1538 4016 constituebam
1555 3983 1599 4033 pro

448 4031 491 4084 tia,
510 4030 576 4095 quod
598 4030 652 4079 aliis
671 4032 753 4095 prosit,
773 4046 810 4079 res
830 4031 948 4092 aliorum;
972 4032 1007 4081 sic
1039 4030 1259 4081 meainhisrcbus
1269 4030 1379 4081 munda
1405 4032 1487 4079 Miltia
1497 4041 1598 4092 castam,

447 4094 523 4143 etiem
535 4098 636 4159 negotia,
649 4096 693 4143 ini.
704 4098 755 4145 Sat.
766 4096 792 4151 ii,
805 4096 829 4153 6,
843 4098 884 4145 33.
1039 4112 1076 4145 sc.
1084 4097 1217 4145 nummum.

479 4160 520 4214 20,
533 4160 575 4207 21.
594 4160 706 4209 Emmaus
722 4178 750 4223 pr
779 4164 833 4209 riis:
851 4160 950 4226 perditis
968 4162 1005 4209 ni·
1069 4162 1112 4209 2⁴.
1129 4161 1370 4210 nmo-marte
1383 4176 1445 4208 auus
1459 4160 1519 4208 Cras
1533 4162 1600 4208 tarra

448 4220 533 4271 mirum
545 4224 621 4281 bonis,
631 4223 699 4281 nihil,
708 4178 777 4289 quoii
784 4224 813 4274 ad
825 4226 904 4291 ipsum
913 4234 1006 4291 specta·
1037 4242 1131 4273 ruram:
1148 4225 1205 4275 hinc
1217 4224 1303 4275 Cicero
1313 4240 1410 4299 quoque
1422 4239 1437 4272 a
1450 4224 1599 4298 Damasippo

449 4294 492 4343 ret,
500 4286 631 4337 curandum
640 4288 744 4338 babebat
752 4291 924 4355 Damasippus.
940 4291 1007 4344 Qua·
1039 4290 1119 4338 honos
1135 4305 1212 4339 emere
1222 4290 1314 4339 voluit:
1333 4291 1411 4355 Epist.
1422 4288 1454 4337 ad
1469 4289 1545 4338 Attae.
1556 4289 1598 4347 ni,

447 4368 499 4401 rere
510 4356 621 4411 amabam,
633 4354 768 4411 Quo-are,
780 4355 935 4421 provulgari,
947 4371 1008 4417 quc·
1039 4356 1073 4402 29
1084 4363 1109 4402 et
1119 4356 1160 4403 33.

448 4433 498 4465 rere
524 4435 553 4467 rs
581 4418 655 4481 (area
681 4421 753 4484 vasa)
780 4436 832 4483 quo,
861 4428 917 4468 cett.
951 4419 1008 4469 Jam
1072 4421 1114 4476 25,
1135 4420 1176 4468 26.
1206 4420 1490 4482 frequentia—compita:
1517 4418 1599 4468 Schoi.

449 4480 622 4548 Damasippus,
645 4482 785 4540 edisserens,
809 4482 929 4548 quomodo
950 4482 1007 4532 olim
1042 4482 1108 4542 Aca,
1121 4485 1245 4533 auctiones
1254 4484 1310 4550 fers
1325 4485 1352 4530 in
1367 4486 1470 4545 compitis
1479 4485 1557 4547 fiant,
1571 4500 1598 4532 sa

449 4548 549 4611 antiqua
560 4562 617 4596 vasa
634 4548 812 4613 conquisiverit,
824 4558 847 4598 et
860 4564 905 4597 sua
919 4547 1007 4612 cuique
1038 4551 1120 4611 quiam
1130 4565 1153 4597 ss
1163 4553 1265 4613 quedam
1275 4548 1450 4596 mentitura
1465 4559 1489 4596 et
1503 4550 1599 4597 madert

449 4612 525 4675 pretia
537 4614 653 4669 statuerit,
665 4628 691 4663 se
706 4614 840 4679 elegantem
851 4612 936 4662 veteris
950 4612 1007 4662 artis
1038 4614 1165 4678 significat.
1198 4614 1303 4677 Compita
1314 4615 1426 4661 dicantar
1435 4615 1477 4662 uie
1494 4615 1598 4669 latmi

449 4684 604 4739 spectatorem
614 4678 699 4742 jactat.
731 4678 838 4732 Quaerere
849 4676 1007 4743 paulalatim
1037 4680 1355 4743 pmmaultisragionibus
1366 4680 1511 4726 wnmitar.
1533 4678 1597 4726 Men*

446 4738 497 4802 jam
510 4749 590 4807 patet;
608 4742 719 4793 estasim
730 4758 778 4792 non
789 4750 891 4800 tantum,
902 4743 949 4792 sibi
960 4742 1005 4791 aii·
1037 4744 1126 4794 mriais
1137 4743 1265 4806 imposuere
1278 4744 1336 4791 mibi
1351 4757 1482 4805 sagam,
1497 4758 1538 4793 ms
1555 4756 1599 4793 sos
