3659 5892
685 533 852 601 LIBER
874 532 902 613 1,
917 534 950 601 6.

266 688 310 753 95
331 688 512 775 carpentes
525 688 599 765 iter,
614 696 648 752 et
663 686 784 753 lectrum
799 685 986 771 corruptius
1000 685 1107 750 imbri.

333 790 471 857 Postera
485 798 662 874 tempestas
676 788 808 868 melion
830 790 883 853 vie
896 789 990 874 pejor
1004 788 1048 853 ed
1062 810 1168 873 usque

332 892 413 958 Buri
425 892 545 958 moenie
559 890 696 976 piscosi:
721 890 840 956 debinc
855 890 981 955 Gnatia
996 889 1138 975 lymphis

270 1048 275 1057 .
333 994 429 1061 lretis
444 1004 613 1061 exstructa
627 993 720 1058 dedit
732 993 884 1076 risusque
894 994 1067 1077 jocosque,

333 1097 424 1162 Dum
438 1095 566 1160 flsnrme
579 1096 649 1161 sine
664 1105 738 1159 tura
752 1094 933 1179 liquescere
947 1094 1057 1159 limine
1072 1118 1167 1162 suero

248 1200 311 1267 100
333 1199 538 1265 Persuadere
553 1199 662 1283 cupit:
685 1197 799 1263 eredat
813 1195 953 1262 Judaeus
968 1194 1110 1282 Apelle3

332 1302 413 1367 Non
427 1322 507 1385 ego:
531 1322 670 1384 nemque
685 1300 765 1371 deos
780 1300 882 1365 didici
896 1322 1047 1365 securum
1060 1322 1159 1385 egere
1174 1322 1297 1380 senem

333 1404 420 1481 Nee,
436 1404 465 1467 si
478 1404 559 1487 quid
571 1404 644 1467 miri
659 1401 757 1467 faciut
771 1412 900 1479 natura,
916 1402 998 1466 deos
1011 1402 1047 1468 id

334 1506 463 1571 Tristes
478 1528 521 1569 ex
536 1504 602 1569 alto
617 1504 692 1571 coeli
706 1503 877 1570 demittere
892 1514 992 1570 teoto.

335 1606 559 1672 Brundusium
572 1608 678 1703 longoe
692 1606 767 1671 finis
782 1606 970 1692 eburtaeque
985 1608 1122 1691 viteque.

693 1911 873 1979 SATIRA
896 1913 958 1980 VI.

335 2118 430 2196 Nou,
444 2117 532 2201 quia,
548 2116 726 2196 Msseenes,
743 2119 911 2205 Lydorum
925 2120 1082 2205 quicquid
1096 2123 1258 2189 Etruscos

335 2220 475 2287 Incoluit
486 2220 580 2299 fines,
596 2244 691 2286 nemo
706 2223 896 2307 generosior
907 2232 959 2287 est
974 2233 1019 2301 te,

336 2323 410 2389 Nec
426 2323 516 2409 quod
530 2346 609 2388 erus
625 2324 685 2388 tibi
700 2334 864 2388 maternus
880 2322 942 2388 fuit
957 2336 1055 2409 atque
1070 2336 1238 2410 paternus,

337 2424 425 2489 Olim
440 2424 497 2509 qui
511 2426 636 2510 magnis
651 2426 841 2511 regionibus
856 2426 1090 2511 imperitarent,

294 2528 315 2590 5
337 2525 385 2591 Ut
401 2527 547 2612 plerique
563 2527 679 2604 solent,
695 2548 775 2592 naso
791 2528 966 2611 suspendis
981 2528 1110 2593 edum

337 2630 484 2715 Ignotos,
500 2640 537 2693 ut
551 2652 602 2693 me
616 2627 769 2693 libertino
784 2639 878 2713 petre
892 2639 1015 2695 natum·

337 2732 421 2797 Cum
435 2730 557 2797 referre
572 2751 684 2815 negas,
700 2729 790 2813 quali
805 2731 847 2793 sit
861 2732 1000 2814 quisque
1015 2742 1151 2817 parente

252 2913 317 2963 usui.
357 2915 478 2967 Posterior
494 2924 558 2968 certe
578 2916 640 2967 ratio
661 2924 698 2967 est
718 2915 810 2979 grsris·
844 2923 960 3027 pnsum,
983 2915 1159 3027 resqbumsnns
1181 2932 1230 2967 non
1251 2932 1346 2967 cursrs:
1370 2918 1405 2971 ct.

252 2976 322 3027 simu.
866 2988 944 3029 ucret.
955 2980 989 3038 ri,
1000 2982 1017 3029 5
1037 3014 1044 3027 .

283 3044 326 3093 94.
343 3043 428 3100 Rubos,
440 3060 504 3095 nunc
518 3046 594 3095 Ruso.
610 3046 810 3110 Longum—item
880 3046 934 3093 103.
952 3045 1045 3102 Tristes,
1056 3044 1174 3118 ejusmodi
1190 3060 1268 3094 rerum
1284 3061 1343 3095 curs
1354 3057 1404 3097 tur·

253 3106 320 3156 Rubi
330 3108 395 3157 euim
406 3124 421 3157 s
431 3110 539 3160 Canusio
556 3108 720 3159 Brundusium
731 3124 812 3158 sersus
844 3108 913 3157 betos
923 3110 992 3174 qussi
1002 3108 1029 3157 in
1039 3109 1082 3157 otti
1092 3108 1228 3158 securitate.

251 3170 338 3301 mr
844 3173 1406 3287 u

283 3301 325 3349 97.
343 3275 508 3353 Bnt'mnsa.
541 3303 648 3359 Barium,
660 3301 775 3369 oppidum
786 3300 811 3349 in
843 3310 883 3349 tur
894 3318 990 3369 quoque
1001 3302 1047 3351 boo
1057 3301 1136 3367 ipsum
1150 3318 1247 3352 csrruen
1261 3304 1335 3371 peulo
1351 3304 1405 3354 lou·

253 3363 346 3429 Apulia
376 3365 490 3416 Peucetie
526 3367 680 3423 maritimum,
712 3364 812 3432 piscium
844 3365 907 3430 gius.

253 3436 583 3506 ceptumetsuereeturuop
615 3440 720 3480 murum.
745 3430 812 3478 Gna·

252 3495 287 3541 tio
312 3492 363 3543 sire
388 3494 501 3559 Egnatio,
522 3511 578 3561 oppr
596 3512 636 3545 um
664 3494 808 3543 maritimum
1024 3493 1156 3544 strum
1175 3494 1224 3543 Vl.

253 3560 332 3620 (nune
342 3558 490 3623 monopoli„
507 3561 617 3624 templis
625 3560 697 3609 iretis
707 3569 808 3607 πανικ-
876 3558 999 3613 Horatius,
1009 3570 1135 3623 postquam
1143 3558 1262 3622 exposuit,
1272 3559 1332 3634 quid
1342 3559 1405 3611 illud

253 3630 287 3679 ts,
297 3622 393 3685 (Schol.
405 3624 495 3689 Cruq.)
506 3628 542 3673 oet
556 3628 612 3689 quio
629 3634 679 3689 eget
690 3626 763 3686 aquis,
775 3625 810 3672 ost
843 3622 915 3671 luerit
931 3638 980 3697 quo
998 3622 1098 3684 gretiam
1112 3623 1255 3672 Meoenetis
1270 3625 1315 3672 nbi
1336 3641 1403 3675 oom-

252 3690 312 3748 quoe
328 3704 365 3735 eus
381 3690 452 3738 salsus
467 3691 534 3739 lubet
550 3698 572 3739 st
587 3705 688 3746 umarus.
700 3691 736 3736 osl
751 3691 810 3751 quod
842 3695 970 3753 parerent,
981 3700 1062 3736 rerem
1073 3685 1170 3735 laudem
1184 3702 1234 3734 nou
1244 3687 1342 3737 enubili
1352 3690 1406 3739 loeo

252 3752 278 3797 in
287 3754 344 3812 pede
355 3756 493 3803 mensurius
503 3764 551 3812 est,·
568 3756 589 3803 si
605 3756 691 3802 ideireo
702 3756 810 3801 uidentur
843 3767 891 3865 pun
907 3753 965 3815 quis
980 3759 1052 3799 nutus
1068 3749 1109 3807 sit,
1121 3750 1165 3800 sed
1176 3765 1191 3799 s
1201 3751 1288 3801 virtute
1298 3764 1404 3820 repeten-

253 3832 317 3877 uquae
326 3819 406 3873 irasci,
417 3834 470 3866 euos
485 3828 596 3868 sonmses
607 3822 634 3866 ds
644 3820 756 3866 nsosstibsss
768 3820 810 3865 im·
863 3832 901 3865 em
911 3831 964 3867 esse
975 3814 1087 3863 ostendit.

251 3889 308 3941 pstu
318 3897 400 3945 magno
416 3884 561 3932 deeumsntes
574 3898 628 3945 sepe
640 3898 736 3945 mugnus
748 3883 812 3930 urbis
881 3881 954 3929 1-0.
972 3880 1036 3934 Nos,
1051 3881 1116 3942 quio,
1131 3888 1188 3928 cett.
1204 3895 1302 3929 sensus:
1319 3896 1405 3947 quem·

251 3946 448 4006 pos-tesdiruuns.
845 3946 891 4001 vis,
903 3946 1038 4000 trecenae,
1051 3943 1159 3991 omnium
1174 3945 1330 3994 Etruscorum
1342 3956 1369 3996 tu
1379 3964 1407 3997 es

286 4010 329 4059 99.
348 4009 515 4075 Dumflumme
530 4013 589 4069 sine,
600 4017 657 4059 cett.
669 4010 733 4059 Rem
744 4009 812 4058 illus·
845 4008 1047 4075 genemsissimus,
1056 4018 1081 4057 et
1089 4023 1132 4073 pro
1140 4009 1232 4074 origine
1242 4018 1285 4058 tua
1294 4026 1325 4060 ex
1336 4021 1407 4074 geute

253 4078 301 4121 trst
319 4072 417 4123 Plinius
434 4076 469 4123 ll.
481 4076 516 4125 N.
534 4074 630 4133 ii,111,
647 4074 678 4123 Iu
694 4076 813 4124 salentino
846 4072 929 4123 Cilnie
940 4072 1119 4131 nobilissimum
1137 4073 1290 4132 tumendum
1300 4076 1360 4124 nibil
1370 4092 1406 4126 re·

254 4140 335 4199 oppido
357 4138 462 4201 Egnatia
484 4142 588 4203 imposito
608 4142 672 4204 ligno
688 4141 714 4187 s'ss
734 4155 814 4187 susum
846 4137 906 4187 terre
923 4137 1054 4193 existimus,
1066 4138 1133 4202 qusli
1150 4147 1216 4204 petre
1232 4139 1321 4204 uliquis
1336 4149 1408 4189 ustus

254 4204 367 4263 quoddam
378 4206 411 4251 iti
421 4220 522 4259 mosum,
534 4207 640 4265 protinus
643 4205 765 4269 flammeos
775 4220 812 4252 ss·
846 4200 887 4257 sit,
906 4201 987 4257 modo,
1001 4210 1030 4249 ut
1047 4202 1117 4253 decet
1134 4202 1260 4267 ingenuos,
1280 4204 1409 4255 liberaliter

254 4266 322 4314 istm
342 4268 475 4329 (reperitur
491 4271 555 4331 apud
572 4268 707 4331 uuotons):
734 4266 767 4315 el.
783 4266 815 4317 de
846 4266 1097 4330 sentiat,ueutiquem
1113 4283 1144 4316 er
1160 4283 1225 4317 more
1243 4268 1406 4334 nobiliumig-

255 4328 301 4379 hec
319 4346 343 4379 re
360 4331 460 4381 Horatio
470 4332 604 4382 incredibili
614 4332 715 4381 Sslmss·
726 4331 758 4381 sd
770 4334 814 4381 So·
847 4330 951 4387 nobiles,
967 4337 995 4380 ut
1011 4346 1059 4386 nuc,
1078 4331 1122 4405 qui
1138 4330 1250 4381 libertino
1259 4342 1326 4398 petre
1336 4343 1408 4383 uetus

254 4394 333 4443 linc.
345 4397 370 4444 5.
847 4410 911 4452 sum,
929 4394 979 4443 ulto
997 4396 1127 4459 supercilio
1145 4395 1257 4462 despicis.
1291 4398 1409 4461 ludorum

289 4460 344 4507 100.
360 4459 457 4509 Judaeus
468 4462 561 4524 Apella,
573 4468 644 4509 notos
654 4459 752 4525 quidem
764 4468 816 4509 tum
862 4462 958 4523 uirquid
966 4458 1075 4508 Etruseos
1085 4460 1187 4509 lnoolus't
1212 4478 1259 4518 nes,
1268 4478 1343 4508 nemo:
1353 4462 1408 4511 nul-

255 4522 566 4589 tenrporisJudaeus,homo
576 4524 763 4591 superstitiosus,
776 4525 817 4575 cui
860 4540 889 4573 us
905 4523 1014 4573 omnium
1031 4522 1073 4588 qui
1089 4540 1120 4573 er
1140 4525 1162 4572 L
1194 4526 1218 4573 'u
1234 4524 1366 4589 migr-uum
1382 4525 1408 4575 in

254 4587 501 4651 uomsuluitdpstlo.
848 4588 985 4648 Etmrism3
1016 4604 1058 4653 pro
1080 4588 1181 4653 vulgari,
1202 4589 1283 4638 nullus
1300 4590 1409 4639 omnium

290 4653 345 4701 101.
363 4652 746 4717 Nammdmututctceumm
755 4652 814 4718 Epi·
849 4654 1015 4703 Etruseorum:
1028 4653 1224 4717 sequiturautesn
1234 4653 1348 4703 Horatius
1357 4669 1409 4712 eos,

254 4732 328 4769 eurus
360 4716 450 4775 timuit,
478 4718 544 4778 deos,
575 4718 741 4784 imperturbsti
772 4717 815 4767 otii
848 4716 993 4782 quiveteres
1009 4716 1113 4766 Etruria
1129 4716 1228 4767 colomis
1246 4717 1411 4783 Lydostuisse
