3659 5892
665 1098 1389 1195 CARMINUM

851 1371 970 1424 LIBER
985 1370 1203 1425 SECUNDUS.

893 1864 1104 1930 CARMEN
1128 1865 1156 1929 Ι.

749 2060 806 2108 ΑΙ)
832 2060 1018 2110 ASINIUM
1041 2059 1304 2109 POLLIONEM.

666 2180 814 2265 Moron
828 2224 871 2266 ex
887 2201 1025 2266 Metello
1040 2202 1174 2266 consule
1189 2203 1338 2277 civicum,

668 2308 818 2393 Bellique
832 2332 961 2386 causas,
976 2320 1011 2373 et
1025 2309 1115 2385 vitia,
1129 2321 1164 2373 et
1177 2310 1305 2386 modos,

634 2478 786 2527 CARMEN
804 2477 827 2526 1.
1043 2484 1122 2532 nctus,
1136 2484 1162 2525 et
1177 2484 1271 2543 quanto
1286 2484 1380 2535 ntimo
1398 2474 1425 2521 in
1443 2474 1531 2523 Africa
1548 2476 1615 2525 edita

484 2540 514 2589 In
536 2540 618 2597 nullis.
639 2550 756 2607 qnantum
771 2540 883 2606 equidem
902 2540 1012 2589 uirnad·
1043 2540 1089 2588 ait!
1108 2541 1171 2598 Quin
1184 2556 1286 2606 campus
1298 2539 1364 2589 enini
1376 2540 1544 2588 Romanorum
1554 2542 1615 2591 civi-

449 2604 517 2661 verti,
528 2606 621 2655 Horatii
629 2604 1013 2669 earminibnnrnngishuilneinati
1043 2621 1085 2652 uni
1180 2606 1220 2655 ‘ne
1238 2620 1287 2653 non
1334 2604 1412 2652 liutus
1425 2606 1480 2652 esti
1497 2605 1529 2652 In
1557 2622 1615 2655 uam

450 2677 509 2718 sunt
518 2670 664 2735 interpretes,
676 2685 749 2734 quarn
762 2670 788 2718 in
798 2669 962 2734 dijudioandis
972 2670 1011 2727 iio,
1043 2678 1130 2719 terrm
1150 2670 1250 2719 amede
1263 2668 1303 2717 bei
1314 2684 1383 2717 orum
1392 2667 1502 2717 civilium
1553 2671 1616 2719 nmi-

451 2732 493 2782 ubi
513 2735 643 2784 excelsiore
663 2734 748 2809 spiritu
767 2744 837 2799 poeta
854 2734 970 2797 exsurgit,
987 2742 1013 2783 et
1043 2734 1307 2801 tatenonpenetravit!
1322 2735 1402 2791 Quem
1410 2733 1617 2809 gurgitem,qnenn

450 2798 523 2862 lyrica
533 2798 1014 2857 arte,h.e.liberiorevinculosententins
1045 2799 1154 2857 fluvium,
1182 2800 1306 2848 uodmare
1319 2813 1369 2846 non
1383 2799 1614 2848 commaculavitci-

451 2862 511 2911 inter
532 2879 558 2912 ae
578 2863 713 2928 conjunxit.
747 2865 833 2928 ltaque
851 2878 922 2928 nuper
939 2864 1014 2928 hujus
1046 2864 1112 2912 rium
1130 2881 1145 2912 c
1183 2866 1228 2913 es!
1253 2863 1302 2912 Sed
1319 2878 1369 2927 quo
1385 2878 1425 2910 me
1442 2863 1520 2927 abripi
1538 2866 1617 2929 patior

451 2927 896 3041 issttttzffltiifflbidi‘ttsd
903 2928 1013 3040 3³⁰3&
1045 2926 1401 3042 midai-iiim
1412 2926 1615 3056 ’,ἲέἒὲηἳῬῑὲἶ

450 3026 512 3120 quis
526 3064 631 3121 repetere
644 3064 669 3105 et
684 3008 790 3105 redditore
804 3072 859 3105 cuni
877 3009 1014 3113 tnolffinm:
1044 3008 1189 3105 mcum
1203 3057 1323 3107 bellorum
1339 3056 1448 3104 civilium
1462 3056 1578 3117 historie,
1589 3058 1617 3107 iu

450 3121 548 3169 turneb
566 3120 672 3169 instituto
689 3129 768 3169 nootm
782 3121 887 3169 alienum
902 3129 948 3169 eet
981 3121 1014 3170 C.
1046 3122 1095 3169 xvii
1111 3120 1180 3170 libris
1197 3137 1213 3169 a
1230 3122 1342 3171 Pollione
1358 3120 1483 3194 exposite,
1496 3121 1541 3171 ulii
1554 3139 1616 3187 qno-

451 3184 554 3234 Aeiniui
564 3184 653 3242 Pollio,
663 3184 699 3232 vir
715 3185 855 3240 consularis,
867 3200 940 3249 quern
954 3184 1016 3233 belii
1046 3202 1094 3249 que
1109 3186 1237 3252 scriptores
1251 3187 1288 3249 (e.
1300 3202 1325 3249 g.
1336 3186 1416 3234 Tacit
1430 3185 1499 3234 Ann.
1514 3187 1548 3242 ir,
1566 3190 1600 3237 34
1608 3204 1617 3248 ;

450 3248 563 3314 panisque
579 3248 669 3297 artibus
686 3250 780 3314 pariter,
797 3266 825 3299 ae
840 3248 961 3297 literarum
976 3249 1017 3297 in·
1047 3252 1146 3299 Sueton.
1164 3253 1230 3301 Caes.
1248 3252 1289 3306 ³0,
1307 3258 1332 3299 et
1346 3250 1377 3298 de
1390 3250 1431 3299 el.
1443 3250 1553 3299 Gramm.
1568 3252 1599 3301 10
1608 3270 1616 3312 3

451 3313 572 3379 geniique,
599 3328 648 3377 quo
674 3314 814 3377 preclarum
844 3314 1015 3377 tragoediaruin
1047 3316 1155 3379 Appinn.
1172 3316 1204 3363 de
1222 3317 1254 3365 B.
1267 3317 1299 3365 C.
1314 3316 1484 3380 p.479),tam
1500 3314 1617 3365 honorifi-

450 3377 752 3443 scriptoremeeprnstitit,
763 3379 839 3442 gloria
849 3377 911 3427 inter
921 3379 1014 3427 Roma·
1045 3394 1100 3427 eain
1116 3381 1262 3429 mentionem
1278 3379 1421 3445 injecerint3
1455 3381 1546 3430 rosecto
1562 3397 1616 3430 eam

451 3458 495 3491 noe
505 3442 647 3493 excelluisse
663 3442 833 3498 satineonetat‚
850 3458 905 3491 enm
922 3441 970 3491 ‘iun
984 3458 1014 3491 eo
1045 3458 1094 3491 nou
1106 3452 1200 3493 atatem
1211 3446 1298 3494 tulisse
1311 3444 1416 3492 maxime
1444 3444 1559 3493 olendum
1569 3455 1620 3496 esu

450 3507 590 3557 contulisset
604 3506 684 3555 studia
700 3522 752 3563 sua,
763 3516 791 3556 ut
804 3507 861 3557 belli
872 3507 920 3555 civi
930 3508 952 3554 ie
961 3507 1011 3556 his·
1044 3508 1163 3557 Pollionis
1173 3518 1254 3559 antem
1269 3508 1354 3557 laudes
1367 3510 1394 3556 in
1411 3508 1478 3557 rimis
1493 3511 1617 3576 complec-

450 3573 533 3621 toriani
541 3572 792 3629 seriberetffloratiuo
802 3588 857 3620 euni
868 3570 892 3617 in
902 3571 948 3619 hoc
958 3588 1013 3621 ear·
1043 3580 1127 3620 tuntur
1143 3582 1228 3639 quarta
1243 3582 1269 3623 et
1286 3582 1374 3621 octava
1431 3575 1487 3638 loga
1506 3575 1618 3640 Virgilii,

451 3638 514 3687 rniue
529 3637 560 3685 ad
579 3636 641 3685 illud
658 3650 718 3701 opue
732 3644 826 3685 strenue
842 3636 1012 3702 perficiendum
1043 3639 1086 3701 qui
1096 3636 1133 3685 illi
1151 3655 1220 3703 eque
1235 3648 1309 3703 atque
1320 3639 1422 3686 Horatio
1431 3640 1525 3687 amicus
1535 3650 1560 3689 et
1571 3656 1615 3706 pa-

452 3716 500 3749 non
521 3701 573 3750 eine
595 3716 681 3765 magna
705 3700 759 3764 ejus
784 3700 856 3750 laude
877 3700 1014 3749 adhortatur
1042 3710 1126 3750 uonna
1136 3703 1224 3752 extitit.

451 3775 523 3829 atque
543 3766 639 3815 excitat
684 3764 860 3814 Sententiarum
882 3780 959 3814 nexus
979 3774 1017 3815 est
1082 3769 1154 3815 1-8.
1166 3768 1397 3816 ΜοιωηαΜοειΝο
1405 3769 1617 3816 consulecioieom.

452 3830 499 3879 iere
516 3830 571 3879 hie:
596 3830 714 3879 bellorum
728 3828 834 3878 civilium
847 3829 972 3892 originem,
984 3831 1016 3879 ab
1048 3831 1128 3881 Pollio
1137 3846 1233 3897 nempe,
1244 3848 1300 3880 euin
1317 3847 1332 3879 a
1348 3833 1462 3880 societate
1476 3831 1529 3887 illa,
1541 3848 1616 3896 qnam

451 3910 480 3943 eo
490 3894 547 3943 inde
556 3903 660 3959 tempore
674 3908 722 3956 quo
733 3894 850 3943 Metellus
864 3893 950 3942 consul
960 3894 1015 3951 suit,
1050 3897 1084 3945 U.
1096 3896 1128 3945 C.
1140 3912 1244 3953 nexcrv,
1252 3899 1285 3955 Q.
1297 3895 1397 3946 Caecilio
1406 3896 1509 3945 Metello
1518 3896 1614 3953 Celere.

452 3957 610 4025 repetendam,
629 3968 654 4008 et
672 3958 797 4015 rationem,
816 3974 864 4023 qua
887 3958 930 4006 ilia
949 3968 1017 4022 gesta
1049 3961 1127 4009 Lucio
1144 3960 1247 4009 Afranio
1266 3962 1337 4010 Coos.
1356 3970 1405 4009 tres
1421 3961 1466 4009 viri
1483 3962 1615 4027 principes,

452 4031 517 4079 aunt,
535 4038 642 4072 enarrare
755 4038 785 4071 us
801 4039 835 4080 es,
849 4023 938 4072 Pollio.
972 4024 1017 4071 Est
1048 4025 1140 4080 Cesar,
1150 4024 1288 4099 Pompeius,
1297 4034 1322 4074 et
1334 4026 1445 4080 Crassus.
1457 4034 1542 4074 contra
1552 4042 1615 4075 rem·

452 4103 509 4137 nane
519 4088 590 4144 tanti,
600 4095 628 4137 ut
638 4096 686 4136 tum
704 4089 739 4143 iu,
751 4087 827 4137 donec
840 4087 949 4136 ultimam
964 4102 1016 4136 ma·
1063 4089 1168 4137 nblicain
1182 4088 1296 4146 inierunt,
1307 4090 1408 4155 primam
1421 4090 1539 4139 beliorum
1555 4090 1615 4139 civi·

452 4168 509 4201 num
528 4162 639 4220 suscepto
655 4152 718 4217 operi
742 4151 889 4217 imposueris.
910 4152 1016 4201 animum
1047 4105 1106 4201 dium
1134 4153 1248 4228 originem
1276 4162 1409 4219 repeteret3
1435 4154 1493 4204 inde
1519 4170 1616 4219 quoque

452 4216 769 4283 paulisperatragoediarum
778 4216 955 4265 scribendarum
963 4226 1015 4264 stu·
1048 4232 1130 4266 eorum
1156 4218 1278 4266 historiam
1304 4218 1415 4269 detexere
1441 4235 1543 4269 exerens
1569 4228 1618 4268 est.

452 4282 492 4331 dio
502 4290 603 4331 avertas.
635 4285 715 4341 Quam
730 4282 791 4329 vivis
805 4281 926 4330 coloribus
936 4282 1017 4330 omnia
1049 4282 1127 4331 Motus
1148 4286 1243 4340 cinicus,
1266 4282 1360 4340 seditio,
1385 4301 1440 4349 quae
1466 4284 1529 4333 inter
1550 4284 1617 4332 cives

453 4346 477 4395 in
490 4345 533 4395 illa
545 4346 660 4396 bellorum
675 4345 782 4395 civilium
800 4344 958 4411 descriptione
973 4361 1015 4394 ex·
1047 4354 1163 4403 movetur,
1173 4347 1224 4412 jam
1235 4363 1278 4413 pro
1288 4348 1356 4396 initio
1367 4348 1428 4397 belli
1438 4348 1541 4397 civilin.'
1559 4349 1614 4396 Bel-

468 4412 622 4461 rennuerunt!
641 4414 698 4463 Jam
708 4427 772 4459 nunc
784 4410 882 4483 ipoispu
901 4409 1017 4483 ninom
1048 4412 1110 4474 iique
1125 4428 1214 4467 murno.
1226 4420 1297 4476 poeta
1312 4412 1363 4477 ipse
1380 4429 1422 4463 ene
1437 4416 1490 4462 Μ
1505 4412 1615 4470 subicit,

452 4428 612 4543 descripturus
622 4492 657 4535 en,
665 4476 779 4525 interesse
791 4475 849 4523 mihi
858 4428 952 4524 videor!
963 4489 1016 4540 Jam
1046 4492 1129 4539 gram
1139 4475 1230 4524 scilicet
1238 4480 1372 4551 principum
1382 4482 1507 4527 amicitias.
1539 4430 1614 4533 ditia,

453 4557 517 4591 nune
550 4541 690 4591 adumbrate
720 4539 897 4590 fortissimorum
925 4539 1015 4588 ducum
1048 4540 1336 4606 temere,aPompeianis
1348 4542 1466 4608 inprimis,
1475 4551 1546 4609 capta
1554 4558 1613 4590 con·

452 4606 530 4672 imago
546 4606 625 4656 nnimo
641 4622 694 4655 meo
708 4604 859 4655 obversatur!
880 4605 932 4669 jam
950 4619 1014 4653 nunc
1047 4604 1111 4652 eilia.
1144 4606 1222 4653 Medos
1242 4605 1301 4653 reier
1321 4606 1352 4654 od
1370 4623 1466 4657 ornnem
1488 4607 1612 4663 rationem,

452 4680 531 4722 niente
550 4672 663 4738 percipio,
681 4670 800 4735 quomodo
819 4679 883 4718 totus
901 4678 1015 4717 terrarum
1047 4684 1096 4733 qua
1107 4670 1196 4718 bellurn
1208 4686 1250 4735 pro
1259 4670 1378 4735 eujusque
1389 4671 1463 4737 partia
1476 4671 1578 4721 consilio
1589 4681 1615 4720 et

451 4737 515 4787 orbiu
526 4745 719 4803 pratoratrocein
730 4736 835 4785 animum
847 4734 947 4785 Catonis
957 4735 1014 4784 sub·
1047 4734 1136 4783 viribus
1153 4744 1245 4799 gestum
1261 4744 1305 4783 est.
1341 4736 1478 4801 Ludumpue
1493 4738 1614 4792 Fortuna,
