3659 5892
337 525 347 538 .
440 443 533 504 nan
830 446 1016 510 nonnrrr
1037 447 1202 510 naras.

480 591 592 648 Leonre
605 590 689 650 dume
699 599 817 670 pectora
831 593 1080 655 sollicitudinibus.
1121 596 1215 675 Epod.
1229 595 1335 666 13,10.
1444 547 1458 575 1

518 684 573 744 Est
585 685 617 744 in
630 695 723 744 metro
737 706 764 744 rr.

880 867 908 923 p.
935 846 1041 905 Versus
1052 845 1148 904 ionici.

519 969 569 1029 Sic
587 969 655 1030 disti
677 973 714 1031 ob
731 971 820 1051 pedes
841 973 967 1034 iomcos²
987 974 1147 1052 exquibus
1168 986 1310 1035 constant.
1352 974 1452 1033 Unum
1473 986 1589 1034 tantum

439 1063 518 1141 apud
533 1063 688 1124 Horatium
701 1066 804 1125 talium
818 1087 954 1126 versuum
966 1088 1060 1146 genus
1072 1070 1233 1147 reperitur:

439 1159 488 1216 22.
520 1159 630 1218 Versus
642 1159 752 1218 ionicus
765 1181 782 1218 a
795 1162 904 1222 minore
920 1162 981 1236 (tat
997 1166 1150 1241 ἐλάσσονος)
1165 1175 1335 1224 tetrameter
1347 1163 1525 1224 acatalectus

519 1257 698 1416 Misernmir
712 1363 754 1414 est
767 1375 818 1414 aec
831 1260 923 1416 ambri
935 1360 1008 1417 dore
1020 1254 1118 1418 tudobn
1131 1380 1221 1439 neque
1233 1360 1322 1419 outa.
1362 1362 1404 1431 iii,
1419 1361 1467 1427 12,
1484 1359 1511 1417 l.

518 1453 581 1512 Alii
603 1451 727 1511 editores
748 1450 834 1510 aliter
846 1452 907 1512 odra
927 1454 1060 1531 allegatae
1072 1475 1172 1514 versus
1191 1455 1337 1524 ordinant,
1350 1467 1478 1534 suntque
1490 1455 1541 1534 qni
1561 1464 1592 1514 et

518 1557 702 1608 tetrametros
715 1546 821 1606 ionioos
834 1547 901 1607 alios
910 1567 963 1626 que
972 1569 1071 1608 versus
1084 1549 1250 1609 exhibeant.

519 1643 575 1702 Est
588 1645 619 1702 in
632 1653 725 1701 metro
741 1642 801 1701 xix.

714 1798 744 1856 lr.
770 1799 875 1857 Versus
888 1819 923 1856 es
937 1798 1060 1858 diuersis
1073 1799 1214 1878 rhythmis
1227 1799 1318 1856 minti.

440 1928 489 1988 23.
520 1927 633 1988 Versus
646 1925 782 1985 Alcaicus
795 1924 1059 2005 hendecasyllabos,
1073 1947 1096 1986 a.
1109 1926 1272 2005 epionicum
1286 1947 1304 1986 a
1316 1927 1440 2005 majore:

571 2037 669 2059 ν-ν-
728 2033 787 2116 -Η
819 2035 891 2058 -υν
968 2032 1083 2112 -ΙνΙ

569 2129 611 2140 .-

561 2207 657 2266 Dotoe
669 2214 695 2265 et
709 2207 840 2266 decorum
853 2215 895 2264 est
905 2226 962 2284 pro
970 2208 1071 2284 patrio
1085 2207 1166 2264 mori.
1206 2207 1249 2277 iii,
1263 2208 1294 2277 2,
1308 2207 1355 2266 13.

566 2301 778 2361 Tumultnosunr
792 2301 929 2359 sollicitat
942 2321 1030 2359 more.
1070 2302 1113 2366 iii.
1129 2300 1156 2370 1,
1170 2300 1219 2360 26.

522 2397 630 2458 Rarius
650 2397 802 2457 tamenab
823 2397 919 2454 iambo
939 2397 1050 2475 incipit.
1092 2395 1257 2474 Quinquies
1277 2415 1414 2455 casuram
1431 2398 1594 2475 neglectam

521 2492 662 2570 reperies:
684 2493 704 2560 i,
721 2491 767 2560 16,
781 2491 840 2561 21;
861 2491 911 2559 37,
930 2490 950 2549 5
971 2506 1002 2550 et
1024 2491 1079 2561 1⁴13
1100 2490 1132 2560 ii,
1148 2490 1196 2560 17,
1215 2491 1251 2548 21
1263 2514 1273 2562 ;
1293 2491 1469 2562 iv,14,17;
1489 2495 1595 2571 quibus

519 2586 590 2646 locis
610 2585 684 2645 adde
704 2587 734 2644 in
752 2586 807 2644 hac
827 2585 954 2657 editione
969 2597 1129 2645 correctum
1147 2587 1190 2655 iii,
1204 2586 1234 2655 2,
1247 2587 1277 2645 5.
1319 2587 1356 2644 In
1373 2607 1482 2646 casura
1496 2588 1596 2646 bintus

521 2683 553 2750 ii,
567 2681 616 2750 20,
629 2681 670 2739 30
678 2703 687 2751 ;
708 2681 750 2750 iii,
764 2681 793 2749 2,
807 2679 858 2750 30,
872 2693 903 2738 et
924 2681 1019 2739 brevia
1038 2679 1149 2758 syllaba
1169 2680 1212 2748 iii,
1226 2679 1257 2750 ⁴1,
1270 2679 1319 2738 53.
1358 2680 1483 2757 legitur
1498 2682 1532 2751 ii,
1547 2681 1594 2751 15,

524 2775 562 2844 17
575 2759 674 2834 versus
688 2795 827 2853 sequens:

752 2869 787 2927 N
785 2889 816 2927 ec
818 2867 979 2946 fortuitum
992 2889 1128 2949 opernm
1140 2869 1282 2948 cespitem.

524 2963 666 3023 Horatius
678 2961 725 3023 rel
747 2985 764 3022 a
786 2963 886 3040 regula
903 2983 1003 3023 versus
1023 2964 1164 3031 discessit,
1178 2963 1225 3023 vel
1244 2962 1384 3040 syllabam
1403 2963 1597 3042 penultimam

522 3058 598 3124 vocis
601 3057 760 3132 fortuitum
775 3057 919 3135 produxit.

423 3203 424 3208 ,
526 3153 582 3212 Est
596 3153 626 3210 in
640 3163 733 3211 metro
746 3151 807 3210 viii.

445 3249 492 3312 24.
524 3248 636 3308 Versus
648 3245 785 3306 Alcaicus
798 3244 1026 3324 enneasyllabus.

605 3527 640 3586 Si
647 3530 771 3608 fractus
783 3527 923 3587 illabatur
935 3526 1023 3586 orbis.
1062 3526 1105 3596 iii,
1118 3528 1147 3596 3,
1163 3528 1191 3596 7.

606 3605 717 3685 &lentis
730 3641 833 3680 osores
848 3622 955 3680 omriti.
995 3625 1016 3691 i,
1032 3622 1079 3691 17,
1094 3620 1122 3691 7.

495 3751 499 3757 ’
525 3722 633 3782 Rarius
646 3729 761 3780 tantum
775 3718 869 3776 iambo
882 3718 976 3776 utitur
988 3718 1019 3775 in
1032 3718 1126 3796 prium
1137 3716 1216 3776 sede.
1257 3717 1369 3778 Versus
1381 3719 1466 3797 longe
1478 3719 1600 3798 plurimi

527 3835 669 3877 caesuram
678 3813 786 3872 habent
799 3821 863 3890 post
877 3810 1015 3888 syllabam
1030 3823 1151 3872 sextam.

566 3911 656 3968 Hunc
669 3925 785 3966 versum
804 3905 978 3983 precedenti
997 3906 1120 3966 similem
1135 3925 1198 3966 esse
1211 3916 1303 3984 patet.
1343 3908 1453 3967 Errant
1465 3907 1517 3986 qui
1529 3929 1598 3968 eum

525 4023 642 4066 versum
662 3999 817 4060 iambicum
836 3999 1103 4077 hypercatalectum
1121 4019 1184 4060 esse
1196 4011 1303 4078 putant
1316 4013 1347 4061 et
1362 4001 1421 4075 (uti
1434 4001 1600 4063 Wetzelius

1026 4188 1062 4199 ..
1163 4167 1202 4212 .;
1232 4166 1298 4204 cum
1325 4147 1357 4204 in
1382 4146 1443 4215 317
1468 4146 1600 4208 versibus

525 4296 614 4374 hujus
634 4291 749 4373 generis
770 4289 848 4368 apud
863 4287 1020 4348 Horatium
1038 4285 1129 4344 obviis
1148 4308 1186 4350 ne
1202 4309 1280 4349 unus
1293 4291 1410 4369 quidem
1425 4289 1533 4363 (sciens
1545 4292 1601 4352 hoc

525 4391 648 4467 affirmo)
662 4387 790 4447 iambum
804 4384 835 4443 in
849 4383 938 4443 tertia
950 4379 1019 4440 sede
1031 4380 1147 4441 habeat.

656 4605 657 4612 .
708 4585 719 4614 ²
801 4579 894 4628 ionicus
906 4593 921 4627 a
932 4575 1031 4634 minore,
1112 4575 1207 4626 ionicus
1217 4591 1232 4625 a
1243 4577 1340 4643 majore.
