3659 5892
422 511 488 575 292
710 511 940 579 CARMEN
972 509 1286 578 SAECULARE.

641 666 710 740 Qui
725 666 858 732 soluturi
872 665 959 731 levet
973 674 1043 729 erte
1058 662 1163 729 fessos

899 766 1056 851 Corporis
1071 776 1182 844 artus3

513 941 516 947 ,
574 870 618 935 65
640 868 676 933 Si
691 868 857 935 Palatinas
872 870 961 933 videt
976 890 1090 952 aequus
1105 889 1209 947 arces,

538 997 540 1001 ⁴
640 969 790 1057 Remque
806 972 1000 1048 Romanam,
1013 970 1210 1055 Latiumque
1225 969 1315 1050 felix,

639 1072 792 1140 Alterum
806 1076 840 1139 in
853 1074 1003 1151 lustrum,
1018 1073 1197 1158 meliusque
1213 1096 1340 1159 semper

901 1176 1065 1259 Proroget
1078 1198 1192 1241 sevum.

640 1278 791 1363 Quaeque
806 1276 1008 1343 Aventinum
1021 1288 1111 1342 tenet
1125 1277 1361 1363 Algidumque,

559 1380 617 1457 Ι’70
642 1380 840 1454 Quindecim
855 1381 966 1445 Diana
979 1401 1095 1465 preces
1110 1382 1251 1446 virorum

640 1482 754 1561 Curet,
771 1492 804 1547 et
818 1482 902 1547 votis
919 1503 1094 1567 puerorum
1106 1484 1225 1548 amices

901 1583 1060 1669 Applicet
1075 1607 1181 1650 eures.

638 1687 722 1753 Haec
736 1687 853 1753 «lovem
869 1688 1001 1764 sentire,
1018 1686 1175 1773 Deosque
1190 1697 1336 1764 cunctos,
1401 1730 1405 1737 -

642 1789 742 1875 Spem
756 1791 875 1854 bonum
888 1798 1075 1871 certamque
1090 1790 1222 1855 domum
1236 1799 1381 1875 reporto,

576 1890 618 1955 75
640 1891 770 1956 Doctus
786 1902 819 1956 et
835 1890 957 1956 Phoebi
971 1888 1091 1955 chorus
1105 1902 1140 1955 et
1154 1892 1272 1957 Dianae

897 1986 1019 2058 Dicere
1034 1992 1160 2059 laudes.

422 2181 482 2239 lxiv,
493 2182 550 2239 ³85,
560 2192 677 2243 presentes
687 2183 761 2230 domos
771 2191 844 2230 costus
855 2183 953 2229 invisere
963 2189 985 2228 et
1014 2184 1194 2243 gesrereouttis.
1227 2182 1358 2246 Prorogsre
1370 2181 1424 2245 jum
1434 2189 1575 2250 estptope·

422 2249 503 2309 sepius
514 2246 607 2295 mortali
616 2250 685 2295 cetui
696 2264 719 2295 se
730 2248 843 2294 ostendere
857 2244 922 2294 soliti
932 2244 984 2293 fue-
1017 2260 1081 2309 gnoe,
1092 2246 1203 2311 prolerre,
1213 2244 1348 2301 extendere,
1364 2260 1471 2306 serrure3
1488 2247 1524 2297 sic
1540 2253 1576 2299 m·-

424 2310 479 2368 rint,
489 2310 565 2360 ferree
575 2318 645 2360 stete
656 2318 742 2359 terram
754 2309 878 2375 reliquisse
889 2311 985 2373 lingon·
1017 2319 1065 2357 tum
1075 2312 1203 2359 bominibus
1210 2327 1334 2375 prorogant
1343 2309 1405 2359 dixit
1411 2311 1575 2362 Plsut.Psen-

423 2381 475 2423 tur:
501 2374 533 2424 cl.
551 2374 741 2441 Hesiod'Epy.
760 2376 806 2423 197
824 2390 878 2439 sqq.
912 2374 987 2422 Beato
1018 2374 1067 2423 dol.
1078 2374 1113 2431 iii,
1125 2377 1151 2432 2,
1164 2377 1204 2423 38.
1238 2376 1337 2437 Quoque
1352 2377 1502 2431 Auentinum,
1518 2386 1577 2428 cett.

422 2440 489 2503 pleno
501 2439 572 2502 Cupio
583 2456 669 2488 cornu:
686 2440 719 2489 cl.
730 2454 785 2505 sup.
796 2438 827 2487 ed
838 2438 855 2495 i,
871 2440 909 2494 17,
922 2439 963 2486 16.
1015 2447 1040 2487 et
1049 2438 1202 2505 Diannane
1212 2439 1238 2488 in
1248 2448 1329 2488 monte
1341 2438 1460 2489 Aventino
1472 2441 1575 2504 Algido·

455 2504 561 2553 61-72.
588 2505 683 2569 Augur,
712 2513 734 2552 et
753 2504 866 2571 fulgente
890 2506 984 2551 decorus
1015 2518 1063 2567 qne
1075 2504 1171 2561 colitur,
1182 2504 1203 2553 si
1214 2503 1314 2570 propitia
1324 2512 1361 2553 est
1371 2505 1436 2568 genti
1447 2505 1574 2564 Romane,

421 2585 489 2625 orco,
510 2576 566 2619 cett.
600 2568 694 2626 Quodsi
715 2568 787 2632 igitur
805 2567 895 2633 Apollo
918 2566 984 2631 genti
1015 2566 1153 2631 quindecim
1168 2568 1272 2617 virorum
1286 2583 1368 2633 preces
1382 2569 1501 2644 respiciat,
1517 2581 1576 2621 cett.

423 2632 541 2681 Romame
552 2633 668 2700 propitius
679 2640 724 2690 est,
735 2632 835 2699 sospitet
847 2647 900 2681 enm
914 2640 940 2680 et
952 2630 985 2679 ed
1016 2634 1171 2681 Auentinum:
1185 2632 1216 2683 de
1228 2633 1315 2681 Disnn
1324 2632 1414 2699 templo
1422 2650 1447 2682 ιιι
1455 2634 1576 2700 Aventius

422 2696 559 2747 felicissime
575 2704 682 2763 tempore
692 2706 807 2763 propaget
814 2715 821 2757 ;
839 2696 923 2745 Diana
938 2712 982 2745 uu·
1013 2695 1371 2754 rid.Donnt.Rom.iii,13.
1402 2700 1575 2763 Alpiumque,-

421 2769 479 2819 tem,
491 2763 511 2811 si
523 2761 588 2837 genti
600 2762 718 2811 Romane
733 2760 834 2828 propitio
845 2768 889 2818 est,
900 2776 983 2826 preces
1014 2759 1040 2807 in
1052 2760 1097 2810 boc
1108 2769 1190 2811 monte
1200 2762 1265 2812 enirn
1274 2776 1347 2828 prope
1357 2762 1465 2811 Romam
1472 2763 1502 2812 ed
1511 2764 1576 2814 riam

421 2826 662 2889 quindecimviromm
679 2826 793 2877 exaudiet
810 2834 835 2875 et
850 2834 912 2875 retes
929 2841 984 2875 esse
1015 2826 1038 2873 A
1056 2826 1122 2900 piem
1138 2826 1227 2875 versui
1244 2826 1353 2891 inprimis
1372 2828 1465 2876 solebat
1483 2828 1575 2887 Dinon,

419 2889 513 2954 jubeet.
544 2893 643 2955 Augur:
662 2891 785 2957 Apollinis
801 2888 886 2939 laudes
901 2898 927 2939 et
936 2890 982 2938 vir·
1015 2906 1076 2947 c.r‚
1087 2892 1129 2947 21,
1141 2892 1165 2949 6,
1176 2891 1249 2946 unde,
1262 2906 1330 2939 sacru
1346 2890 1369 2941 ei
1385 2891 1419 2939 ibi
1435 2893 1499 2941 fecta
1514 2910 1575 2952 esse,

421 2963 495 3012 tutes,
508 2964 535 3004 ut
553 2956 578 3003 in
596 2956 691 3030 hymnis
707 2954 757 3004 fieri
773 2953 981 3013 solet‚cumulsn·
1015 2962 1099 3020 sponte
1131 2954 1280 3018 intelligitur.
1336 2956 1576 3009 Quindecimoirorum

421 3027 475 3081 tur;
492 3019 602 3068 laudetur
613 3020 685 3084 igitur
696 3020 738 3069 ille
749 3018 851 3085 primum
867 3027 895 3067 ut
906 3028 981 3078 rates,
1011 3035 1099 3080 preren
1116 3018 1311 3084 quindecimviris
1322 3019 1395 3077 enim,
1405 3021 1448 3085 qui
1458 3020 1525 3069 libris
1537 3024 1574 3071 Si·

421 3082 519 3147 μάντις,
531 3082 618 3133 deinde
632 3092 660 3133 nt
672 3084 812 3140 arcitenens,
825 3082 982 3149 χρυσότοξος,
1014 3082 1113 3147 byllinis
1123 3092 1248 3149 preerunt,
1259 3083 1280 3131 si
1330 3083 1386 3132 lsris
1396 3100 1517 3134 sacrorum
1528 3087 1593 3137 ere-⁸

422 3148 597 3215 ἀργυρότοξος,
614 3157 665 3197 tum
687 3157 715 3199 ut
736 3150 863 3197 Musarum
885 3162 981 3213 preses,
1014 3146 1132 3196 solarium
1142 3147 1287 3197 demandata
1310 3148 1347 3197 uit
1360 3163 1419 3199 eure
1433 3159 1458 3200 et
1472 3150 1574 3201 admini-

419 3211 583 3279 μουσαγὲτης,
590 3211 694 3278 deniqne
704 3222 733 3261 ut
742 3212 802 3263 deus
809 3212 922 3261 sslutnris
932 3211 983 3263 sire
1014 3212 1105 3261 suedo.

422 3278 479 3326 artis
501 3277 612 3327 medendi
632 3276 730 3344 peritus,
753 3276 858 3352 iorp6c3
885 3276 981 3326 easdem
1047 3277 1154 3327 73-76.
1170 3278 1228 3327 er
1241 3276 1474 3333 cborus‚deoenteto
1487 3280 1575 3329 carmi·

421 3341 544 3407 Apollinis
556 3341 639 3393 leudes
653 3351 760 3391 recenset
770 3342 891 3391 Pindarus
905 3342 981 3405 Pytb.
1014 3355 1054 3397 ne,
1071 3340 1139 3389 addit
1153 3341 1282 3408 epilogum,
1295 3349 1321 3389 et
1335 3357 1403 3407 spem
1418 3342 1506 3391 bonnm
1523 3362 1574 3394 cer-

421 3423 445 3465 r,
459 3409 491 3456 80
507 3423 560 3472 sqq.
574 3406 626 3472 jem
642 3422 657 3454 a
674 3406 774 3455 Mitscb.
790 3406 815 3455 in
833 3405 945 3455 Analect.
956 3423 981 3471 p.
1013 3412 1120 3471 tamque,
1131 3422 1158 3455 se
1172 3422 1221 3455 non
1231 3406 1309 3455 solum
1324 3407 1355 3454 ub
1365 3405 1481 3472 Apolline
1492 3417 1517 3457 et
1528 3410 1574 3458 Di-

421 3472 468 3521 711
487 3471 607 3520 lsudstus.
648 3472 673 3519 st
691 3472 814 3520 Palatinas
828 3472 890 3519 vitu
906 3487 982 3533 oequus
1014 3484 1069 3526 ene,
1088 3470 1130 3520 sed
1146 3470 1218 3520 etism
1238 3470 1270 3519 sb
1287 3471 1348 3520 Jove
1370 3471 1512 3537 cunctisque
1527 3474 1575 3523 diis

420 3552 491 3595 orces,
508 3544 565 3587 cett.
599 3534 719 3603 Equidem
737 3536 801 3583 hunc
818 3534 899 3584 locum
918 3550 982 3583 nunc
1012 3532 1152 3583 exauditum
1166 3550 1292 3591 esserum
1308 3533 1424 3585 concione
1440 3540 1574 3587 communi·

421 3600 455 3651 ite
465 3599 634 3667 explicandum
645 3608 717 3664 puto:
730 3600 750 3649 si
762 3598 826 3647 mitis
837 3599 879 3648 ille
907 3613 981 3658 reces,
1013 3607 1069 3659 cot3
1085 3598 1151 3664 quod
1167 3599 1266 3668 quidem
1281 3598 1307 3647 in
1323 3597 1471 3649 audientium
1488 3601 1575 3653 enimis

420 3679 475 3729 qun
491 3681 555 3715 nunc
572 3665 598 3714 in
615 3672 695 3713 monte
711 3663 823 3714 Palatino
839 3664 882 3711 lun
899 3671 982 3721 untur,
1013 3678 1098 3713 seusus
1111 3664 1215 3713 excitare
1227 3662 1330 3713 debebat
1342 3664 1485 3714 letissimos.
1517 3668 1574 3716 Sen-

421 3729 506 3789 sudit3
529 3746 577 3780 rem
598 3729 735 3777 Romanum
753 3736 778 3778 et
797 3727 894 3777 Latium
914 3726 981 3785 felir,
1015 3730 1069 3787 tire,
1085 3728 1176 3784 audire.
1188 3738 1221 3787 et,
1236 3736 1266 3777 ut
1281 3738 1333 3776 rute
1350 3742 1402 3777 esse
1415 3728 1509 3793 jubent,
1521 3747 1574 3796 per·

421 3792 523 3843 h.e.rei
541 3793 628 3843 ublicn
641 3794 759 3842 Romane
771 3800 796 3841 et
806 3792 869 3841 Latii
881 3790 980 3841 lelicits·
1014 3806 1117 3843 movere.
1148 3794 1215 3856 Spem
1237 3796 1318 3841 borum
1338 3803 1467 3857 certamque
1483 3798 1574 3846 domum

421 3865 469 3905 tem
484 3858 510 3907 in
524 3811 626 3907 lustrum
645 3856 904 3907 ulterumetinevum
919 3872 982 3906 sem-
1013 3858 1226 3919 repertu-chorus
1237 3860 1315 3906 doctus
1326 3859 1409 3916 dicere,
1421 3867 1479 3907 cett.
1506 3860 1573 3910 Cho·

421 3938 462 3987 per
474 3922 560 3972 melius
570 3930 685 3987 propaget
697 3930 722 3971 et
732 3921 853 3971 extendet.
887 3922 981 3970 Palati·
1013 3936 1062 3977 rus,
1075 3930 1101 3970 ut
1118 3938 1182 3989 saepo
1198 3922 1262 3988 apud
1278 3921 1401 3984 Tragicos,
1416 3922 1441 3971 in
1457 3922 1574 3987 singulari

421 4004 463 4034 nus
482 4004 559 4037 orces:
582 3986 661 4035 innuit
675 3987 801 4051 templum,
821 3984 931 4051 Apollini
950 3986 982 4034 ab
1013 3984 1127 4052 loquitur,
1147 4002 1199 4051 pro,
1217 4002 1261 4035 nos
1280 3986 1348 4060 pueri
1385 3987 1512 4052 uellnque,
1529 3990 1574 4054 qui

422 4050 534 4115 Augusto
545 4052 572 4101 in
580 4060 660 4100 monte
668 4050 780 4101 Palatino
790 4049 981 4116 splendidissime
1012 4065 1109 4099 carmen
1132 4050 1158 4099 in
1177 4050 1299 4117 Apollinis
1320 4060 1345 4099 et
1367 4004 1456 4101 llienae
1477 4052 1574 4104 leudem

421 4124 582 4165 exstructum:
595 4116 642 4163 vid.
655 4115 704 4165 Dio
713 4115 757 4173 liii,
765 4117 788 4172 1,
796 4116 838 4163 ubi
846 4116 890 4163 boc
902 4114 981 4180 ipsum
1012 4114 1091 4164 dicere
1103 4115 1182 4164 edocti
1192 4130 1284 4172 sumus,
1296 4130 1381 4181 nempe
1393 4131 1407 4164 s
1418 4120 1494 4183 χοροῦ
1504 4118 1573 4169 ‹lido-

421 4194 519 4228 carmen
529 4179 642 4231 seculare
651 4179 804 4229 decantatum
814 4188 860 4229 est.
883 4179 983 4243 Remque
1012 4178 1096 4243 σιάλῳ
1112 4180 1221 4230 Horatio.
1254 4179 1348 4229 Chorus
1363 4179 1519 4247 scilicet,qui
1537 4184 1573 4232 sl-

423 4244 550 4293 Rmnunom
572 4245 718 4308 Latiumque,
741 4244 772 4293 ed
798 4244 867 4293 illum
888 4258 982 4293 versum
1014 4244 1124 4293 ternatim
1135 4244 1343 4303 snteececinemt,
1351 4245 1498 4312 conjunctim
1509 4249 1573 4298 treci·

423 4308 507 4367 Ennii,
524 4311 572 4365 Qui
587 4325 635 4359 rem
648 4308 773 4359 &nouom
784 4310 924 4375 Latiumque
937 4328 981 4360 au-
1014 4308 1051 4358 nit
1060 4308 1191 4377 epilogum.
