3659 5892
912 533 1212 600 CARMlNUM

878 842 1085 908 CARMEN
1110 839 1243 905 XXVl.

847 1058 920 1106 AD
966 1054 1284 1104 VENEREM.

705 1200 789 1262 err
807 1199 924 1284 puellis
939 1222 1044 1284 nuper
1059 1200 1208 1274 idoneus,

707 1303 753 1366 Et
768 1303 900 1366 militavi
915 1327 981 1367 non
996 1304 1065 1366 sine
1079 1301 1200 1386 gloria:

748 1406 847 1470 Nunc
862 1429 952 1470 arma
965 1404 1220 1487 detimctumque
1234 1401 1321 1466 bello

792 1509 954 1574 Barbiton
967 1508 1022 1572 hic
1036 1507 1144 1592 paries
1156 1505 1304 1580 habebit,

651 1615 671 1675 5
707 1611 840 1676 Laevum
856 1613 988 1676 marinae
1003 1612 1060 1694 qui
1074 1609 1215 1673 Veneris
1230 1607 1315 1671 latus

707 1715 870 1778 Custodit.
916 1714 994 1790 Hic,
1009 1713 1063 1778 hic
1079 1713 1190 1798 ponite
1204 1711 1314 1776 lucida

748 1816 895 1894 Funolia,
911 1827 946 1882 et
959 1827 1080 1892 vectes,
1094 1827 1129 1878 et
1143 1837 1239 1879 arcus

792 1920 966 2004 Oppositis
981 1918 1106 1982 foribus
1120 1918 1273 1980 minaces.

705 2023 738 2086 Ο
754 2046 827 2107 quae
842 2025 983 2100 beatam,
1000 2021 1097 2096 Dira,
1113 2032 1206 2083 tenes
1221 2020 1378 2104 Cyprum,
1391 2029 1426 2083 et

645 2127 684 2189 10
706 2125 878 2210 Memphin
892 2135 1057 2189 carentem
1072 2121 1222 2187 Sithonia
1233 2123 1319 2199 nive,

490 2276 569 2326 dulcis
585 2284 622 2325 est
638 2275 680 2324 ille
694 2275 757 2324 furor
773 2292 822 2342 quo
836 2277 891 2342 quis
903 2274 1051 2340 percilitatur
1082 2272 1126 2331 bit,
1137 2275 1225 2332 munit,
1240 2290 1283 2341 pro
1293 2272 1395 2337 vulgari,
1405 2271 1449 2336 qui
1468 2273 1555 2321 estrei
1570 2282 1645 2323 stata

489 2341 561 2390 deum
578 2340 661 2406 sequi;
683 2341 719 2389 sic
736 2358 790 2407 sup.
806 2341 841 2396 iii,
861 2344 885 2396 4,
903 2343 929 2395 5,
945 2342 1052 2388 amolitis
1082 2338 1144 2387 lura
1159 2348 1227 2404 parte
1242 2340 1333 2403 templi,
1345 2338 1371 2386 in
1389 2351 1439 2401 quo
1452 2339 1539 2386 Venus
1555 2342 1646 2388 murino

491 2409 591 2454 insanio.
627 2407 761 2468 cingentem
778 2409 850 2454 uiridi
865 2416 968 2467 temporo
984 2422 1050 2466 prm·
1083 2403 1262 2466 (dvnduoplvn,
1280 2405 1313 2452 cf.
1331 2404 1421 2450 nlmae.
1432 2418 1456 2449 r.
1466 2403 1530 2465 284)
1550 2403 1646 2454 colitur.

490 2473 564 2531 pino:
586 2471 702 2524 similiter,
720 2470 764 2518 int.
782 2469 815 2527 iv,
836 2472 860 2526 ll,
877 2471 919 2526 ³3,
938 2469 1052 2518 Bacchus
1084 2467 1178 2516 Lunum
1194 2472 1271 2517 latur:
1290 2467 1393 2517 veneris
1413 2483 1500 2541 nempe
1520 2467 1647 2519 simulacro

491 2545 587 2582 ornntnr
598 2538 669 2583 viridi
680 2545 780 2598 tempora
788 2537 896 2598 pompina
907 2533 1053 2599 depingitur.
1084 2533 1552 2663 ῌζῇῗρῗέονέῗιὶξὲξὲἲπ
1561 2542 1648 2648 dtd'u:

638 2665 790 2712 CARMEN
810 2664 908 2712 xxvl.
1084 2663 1158 2712 tuisse
1169 2662 1271 2712 ridetur.
1304 2663 1361 2716 llic,
1372 2663 1410 2709 lic
1418 2665 1506 2723 ponite,
1517 2670 1577 2710 cett.
1588 2661 1647 2712 allo·

526 2729 600 2776 Poeta
611 2745 636 2776 se
647 2743 762 2784 umorum,
774 2729 863 2794 quibus
877 2727 957 2776 adhuc
971 2727 1052 2776 indul·
1084 2727 1166 2791 quitur
1180 2727 1340 2783 administros,
1351 2741 1413 2790 quos
1429 2741 1495 2774 arma
1508 2726 1563 2790 jam
1580 2727 1647 2776 dadi·

491 2793 556 2846 serit,
568 2792 661 2842 lusibus
676 2809 742 2842 nunc
756 2793 897 2842 defunctum
912 2807 966 2841 esse
982 2793 1052 2858 proli·
1085 2791 1163 2840 canda
1181 2803 1304 2857 apportare
1305 2799 1433 2904 pussant:
1449 2794 1537 2853 ponite,
1545 2807 1648 2907 (pm

491 2867 562 2906 tetur.
595 2859 724 2923 Comparnt
745 2867 825 2906 autern
850 2873 876 2907 se
898 2873 955 2906 cum
979 2857 1055 2906 milita
1085 2855 1115 2904 ds
1136 2857 1208 2904 rebus
1228 2873 1284 2920 quac
1322 2855 1465 2914 edicantur;
1487 2856 1524 2904 sic

491 2923 605 2979 emerito3
626 2933 651 2972 et
670 2921 870 2998 quemadmodum
895 2922 965 2970 miles
988 2937 1056 2996 arms
1085 2920 1162 2969 Amor
1178 2920 1196 2978 i,
1210 2923 1249 2976 ll,
1264 2923 1307 2996 ἥδ,
1324 2920 1438 2995 tabellam
1455 2919 1648 2998 rerbis,quibp1

493 2984 1053 3108 nnmnmuttntn
1084 2985 1513 3112 nmmum?
1528 2985 1649 3109 Ἣ,

491 3116 543 3172 illa,
555 3117 643 3180 quibus
657 3116 747 3165 aditum
757 3116 789 3164 ad
799 3116 892 3181 puellas
902 3115 978 3164 sibia
1019 3115 1052 3165 'ns
1082 3114 1167 3172 tedas,
1182 3115 1258 3172 luces,
1272 3131 1335 3179 quaa
1348 3115 1452 3180 juvenes
1468 3115 1651 3168 comissabundi

491 3189 631 3236 tentaverat,
648 3189 689 3228 tau
707 3197 762 3230 unm
778 3181 935 3240 α’ναθὴιιατα
950 3179 1052 3230 aormni
1099 3179 1293 3229 animabant.
1322 3180 1649 3244 Vectes,quibuapuellamm

493 3261 557 3294 mora
580 3246 670 3295 Veneri
690 3197 798 3294 leuton.
843 3246 946 3295 Videtur
969 3195 1280 3312 autemloreacffringcra
1293 3244 1541 3293 solebantnmatores.
1575 3249 1651 3296 Areua

484 3311 566 3374 liujus
579 3311 644 3375 capti
658 3310 752 3359 consilii
767 3325 840 3359 causa
856 3309 965 3376 inprimis
977 3310 1052 3360 luisse
1085 3310 1201 3372 oppositis
1206 3312 1303 3375 jor-ilua
1313 3313 1425 3358 minum:
1442 3310 1554 3374 quamvis
1568 3329 1651 3360 ornus

494 3374 580 3430 Chloe,
601 3377 672 3440 cujus
693 3385 798 3424 extremo
822 3391 932 3424 amorum
954 3390 1052 3422 auorum
1084 3373 1117 3422 ad
1133 3373 1229 3422 clausas
1245 3374 1379 3440 puellarum
1397 3374 1459 3422 torsa
1476 3374 1652 3440 diffiingendaa

494 3449 598 3514 tempora
610 3439 745 3504 superbiam
760 3449 872 3506 expertus
888 3440 980 3498 tuerat,
996 3439 1053 3488 hinc
1081 3439 1116 3486 ab
1138 3439 1283 3487 amatoribus
1302 3438 1435 3488 adhibitum
1456 3437 1532 3488 tuisse
1552 3441 1652 3493 aliunde

492 3505 603 3569 precibus
611 3505 641 3553 ad
649 3504 716 3552 illius
726 3505 883 3570 arrogantium
893 3504 1055 3553 ulciscendam
1084 3519 1134 3552 non
1149 3513 1252 3560 constat,
1262 3505 1312 3552 lieri
1323 3513 1403 3552 tamen
1419 3503 1534 3568 potuisse,
1544 3518 1575 3555 nt
1585 3521 1651 3555 arna·

493 3570 656 3634 spectantibus
672 3585 789 3618 armorum
806 3585 902 3618 suorum
925 3568 1054 3618 dedicatio·
1085 3577 1157 3626 tores,
1168 3583 1260 3616 summu
1271 3568 1295 3616 vi
1306 3568 1330 3615 in
1342 3568 1476 3633 puellarum
1491 3570 1557 3619 mdes
1572 3572 1650 3638 irrup

495 3649 548 3682 nem
560 3634 659 3698 peragit.
692 3635 804 3684 Ceterum
816 3635 861 3682 hoc
872 3643 1055 3683 totumcurmsn
1085 3633 1142 3688 turi,
1159 3632 1299 3695 sagittarum
1315 3632 1376 3682 adeo
1389 3633 1458 3698 jactu
1475 3634 1575 3685 clausas
1591 3637 1651 3686 toros

493 3713 523 3746 ex
536 3701 622 3747 Graeco
639 3699 743 3764 quodam
761 3701 850 3748 tactum
867 3713 920 3746 esse
931 3697 1054 3756 Latinum,
1085 3697 1436 3772 diffindereutmegarinaquit.
1470 3699 1571 3750 Frustra
1580 3702 1653 3766 igitur

494 3763 582 3811 nemini
589 3763 814 3820 lacile‚Gracorum
822 3773 945 3830 poetarum
953 3763 1055 3813 lectione
1086 3762 1127 3810 hic
1141 3762 1211 3812 locus
1222 3763 1368 3812 sollicrtatus
1382 3779 1436 3812 ease
1445 3763 1542 3812 videtur
1555 3783 1573 3815 s
1582 3769 1651 3816 Cun-

493 3825 594 3884 imbuto,
604 3829 704 3878 dubium
715 3829 769 3877 erit.
1085 3827 1183 3890 ingnmo
1206 3839 1231 3876 et
1252 3827 1372 3884 Bentleio,
1388 3843 1489 3892 quorum
1509 3829 1550 3879 tric
1570 3849 1615 3897 pm
1629 3844 1651 3882 as

530 3895 600 3941 1—8.
628 3892 723 3958 Cogita,
746 3901 840 3959 poetam
863 3901 919 3940 ante
940 3891 1056 3956 ternplum
1086 3910 1156 3940 urent
1167 3892 1376 3958 pauloaudaoius,
1390 3896 1651 3957 moerqnedllctar·

498 3957 598 4006 Veneris
618 3967 689 4014 stara,
711 3965 736 4006 et
757 3958 819 4006 inter
839 3955 914 4023 ipsam
936 3971 1056 4005 urniorum
1085 3973 1259 4021 porpronrcss
1269 3957 1386 4006 tentabat.

494 4037 590 4070 suorum
602 4022 774 4071 dedicationem
790 4024 834 4072 hoc
845 4037 941 4071 eumen
994 4037 1055 4068 nun·
1120 4023 1211 4069 9—12.
1228 4023 1309 4084 Oquae
1325 4024 1422 4077 matum,
1435 4022 1585 4078 Dionnum
1603 4028 1650 4090 Cy-

493 4087 565 4134 cinre.
600 4087 722 4144 Militari,
738 4087 945 4152 namquiamaut,
979 4087 1056 4134 eneris
1084 4103 1170 4147 pmcn:
1187 4086 1294 4135 similiter
1309 4101 1364 4151 sup.
1376 4087 1393 4143 i,
1406 4089 1431 4144 3,
1447 4089 1469 4143 l,
1484 4089 1572 4137 Venus
1587 4091 1652 4140 Dim

495 4151 533 4198 vel
554 4151 682 4217 Cupidinis
699 4163 776 4200 castra
795 4151 863 4216 sequi
883 4151 1011 4200 dicuntur:
1029 4151 1055 4198 in
1085 4159 1164 4212 potans
1187 4152 1262 4215 Cypri
1282 4151 1384 4200 dicitur:
1409 4155 1506 4210 tentam,
1524 4152 1652 4205 divitiise

493 4216 581 4280 vulgus
591 4223 674 4263 notum
685 4225 721 4265 est
738 4217 799 4265 illud
810 4215 892 4264 Ovidii
903 4219 987 4264 Amor.
998 4214 1016 4267 i.
1028 4217 1054 4271 9,
1086 4224 1229 4271 mercatura,
1240 4233 1295 4282 quc
1306 4217 1344 4265 vel
1356 4215 1461 4264 marimo
1476 4217 1502 4265 in
1512 4217 1560 4267 hae
1571 4218 1653 4270 insula

499 4283 521 4336 l,
547 4282 640 4329 lllilitnt
666 4283 737 4329 omnis
761 4298 849 4338 amans,
871 4290 893 4329 et
919 4281 984 4328 tuter
1012 4297 1055 4328 ruo
1086 4281 1249 4335 exercebatur,
1262 4281 1415 4339 affluentem
1432 4282 1490 4330 hine
1504 4282 1549 4330 int.
1559 4283 1597 4338 iii,
1607 4287 1651 4342 29,

494 4357 570 4396 rostro
579 4347 678 4409 Cupido.
710 4347 795 4394 Anno.-
812 4343 1054 4410 qualiaillaiuerint,
1087 4346 1128 4401 60,
1145 4363 1228 4394 mercer
1245 4346 1346 4408 Cypria.
1379 4346 1531 4401 Eustathius,
1551 4358 1652 4398 notante

495 4411 689 4476 ipssdocetv.7.
713 4411 857 4476 Defunctum
868 4411 1054 4468 bellollnrbiton,
1088 4409 1288 4463 Mitsehcrlicltio,
1304 4408 1335 4456 ad
1356 4410 1460 4474 Dionys.
1476 4411 1574 4475 Perieg.
1592 4415 1651 4466 508,

495 4477 520 4525 h.
538 4493 560 4525 s.
578 4492 676 4525 munere
697 4491 750 4532 auo,
770 4475 829 4523 dnrn
852 4473 911 4522 milri
933 4473 1055 4530 militanti,
1087 4474 1249 4537 Ὀλβιῶτατοι
1264 4473 1289 4522 ll
1305 4480 1434 4533 νησιωτῶν
1448 4474 1471 4524 oi
1486 4477 1598 4538 Κύπριοι
1613 4477 1653 4526 διὰ

495 4541 548 4590 h.e.
558 4541 656 4598 amanti,
665 4542 772 4596 sonabat,
781 4539 948 4605 perfunctum
963 4538 1056 4586 dedur·
1089 4541 1118 4589 τὸ
1135 4541 1378 4601 θαλαττοκρατῆσαι·
1394 4555 1445 4604 qus
1459 4541 1586 4589 de'onusu
1603 4543 1652 4606 cy-

494 4617 543 4654 erat
555 4623 639 4672 nempe
653 4606 683 4654 ad
697 4607 772 4670 lyram
791 4604 875 4652 modos
892 4603 991 4652 leviores
1007 4604 1057 4653 sive
1072 4621 1146 4664 quur
1157 4603 1289 4667 antiquitus
1295 4613 1382 4652 vocata
1391 4604 1438 4652 fuit
1447 4605 1568 4653 Macaria.-
1584 4606 1652 4655 Plin.

495 4671 602 4720 carmina
624 4669 748 4719 amatoria.
782 4669 874 4718 lanum
900 4671 996 4716 nmrinae
1018 4673 1059 4731 qni
1090 4669 1124 4716 ll.
1140 4669 1172 4716 N.
1184 4685 1208 4722 v,
1218 4671 1260 4716 31.
1296 4669 1652 4730 nimpnmsinmeurbsffi·

499 4735 591 4785 l'cmrir
608 4739 669 4785 lotan
686 4737 801 4790 Custodit,
818 4735 843 4784 h.
854 4749 876 4783 e.
890 4733 991 4789 claudit,
1007 4749 1058 4780 arn·
1090 4732 1155 4798 gypti
1172 4733 1321 4781 nobilissima
1335 4735 1409 4782 Venor
1421 4735 1521 4797 Hospita
1534 4735 1652 4802 templum
