3659 5892
610 518 774 589 LIBER
797 520 825 601 I,
843 522 894 589 33.

395 678 562 743 Decoutes
578 676 699 762 elegos,
715 700 773 742 cur
789 679 847 743 tibi
859 678 973 763 junior

697 780 794 845 Laese
809 782 981 865 proenitent
995 780 1073 846 lide.

340 885 361 947 5
396 884 558 967 Insignem
575 884 665 947 tenui
680 882 786 948 fronte
803 882 966 967 Lycorida

394 987 471 1071 Cyri
487 996 590 1051 torret
605 1008 705 1062 amor,
722 985 828 1069 Cyrus
844 987 877 1049 in
892 1008 1042 1071 asperum

393 1088 546 1154 Declinat
563 1086 726 1152 Pholoen:
752 1088 809 1152 sed
826 1089 916 1173 prius
933 1086 1076 1175 Appulis

694 1188 882 1274 dungeutur
897 1212 1025 1276 coprem
1038 1190 1137 1277 lupis,

393 1294 502 1367 Quam
518 1294 605 1379 turpi
623 1290 746 1356 Pholoe
762 1304 876 1377 peccet
891 1292 1051 1357 adultero.

330 1397 370 1461 10
392 1397 447 1461 Sic
462 1398 566 1461 visum
580 1395 722 1460 Veneri:
747 1395 799 1459 cui
816 1394 924 1479 placet
939 1396 1079 1480 impares

392 1500 526 1563 Formas
542 1510 639 1583 atque
655 1496 778 1561 animos
793 1498 855 1561 sub
866 1498 950 1583 jugo
962 1518 1065 1561 neuen

697 1599 793 1663 Saevo
808 1601 936 1664 mittere
951 1622 1024 1664 curn
1034 1600 1123 1684 joco.

309 1786 460 1835 CARMEN
481 1788 608 1835 XXXIII.
773 1792 876 1834 secutur
885 1784 1004 1845 Pholoen,
1013 1785 1045 1833 ub
1055 1782 1109 1859 ey'us
1119 1783 1245 1833 emorerel
1256 1783 1332 1833 meri·

210 1844 313 1897 Albium
328 1851 462 1907 Tibullum,
478 1853 580 1917 graviter
594 1851 624 1899 do
658 1848 740 1899 meleto
772 1864 810 1898 me
821 1849 994 1900 abhorrentem.
1018 1847 1333 1899 Scilicetsieresiusmore

172 1909 222 1959 sibi
240 1913 372 1978 nGlyeeru
385 1915 480 1979 juniore
496 1924 600 1965 amatore
610 1866 738 1973 dolentem,
771 1914 901 1963 constitute
915 1922 952 1964 est
966 1931 996 1965 er
1006 1912 1102 1963 decreto
1114 1914 1223 1970 Veneris,
1234 1929 1289 1979 que
1301 1930 1331 1962 er

173 1990 330 2029 communem
348 1978 416 2028 illum
438 1980 564 2039 fortunam,
586 1995 636 2055 que
656 1994 738 2046 perum
772 1979 912 2036 amentium,
924 1994 1002 2044 neque
1012 1978 1089 2027 forme
1099 1994 1178 2042 neque
1188 1978 1275 2025 enimin
1285 1978 1332 2027 ribi

171 2040 284 2106 sepeio
304 2058 385 2094 umore
403 2045 540 2111 conspirent
557 2045 639 2101 enimi,
657 2059 739 2093 secum
772 2042 976 2109 respondentium,
987 2042 1157 2109 conjunctione
1166 2042 1227 2091 duro
1237 2050 1333 2109 pectore

172 2112 286 2171 reputare
302 2107 373 2172 jubet
380 2126 388 2169 ;
407 2109 479 2175 eique
500 2118 549 2159 tum
570 2110 680 2167 aliorum,
697 2108 739 2173 qui
772 2109 918 2173 voluptutem
937 2108 1018 2175 cepit!
1053 2108 1201 2173 Compereut
1221 2108 1247 2155 in
1269 2106 1332 2157 tene

172 2169 277 2219 eundem
293 2172 319 2220 in
334 2188 414 2223 umore
431 2174 521 2239 experti
537 2174 626 2224 luerint
644 2182 738 2229 sortem,
771 2172 913 2223 sententium
926 2172 1022 2223 Mosclr.
1032 2170 1107 2237 Idyll.
1115 2172 1148 2228 vi,
1159 2174 1169 2219 l
1182 2187 1249 2237 sqq.:
1263 2169 1331 2237 Ἥρα

174 2248 250 2298 qnam
270 2236 309 2285 sni
330 2239 408 2351 &sius
430 2240 566 2305 exemplum
587 2238 666 2288 solatii
687 2238 740 2287 loeo
773 2238 830 2287 Πὰν
842 2236 925 2303 Ἀχῶς
940 2239 988 2297 τᾶς
1000 2236 1120 2303 γείτονος,
1132 2237 1211 2300 liparo
1227 2235 1248 2285 δ’
1262 2234 1331 2303 'Axii

176 2301 297 2373 proponit.
375 2303 451 2369 'ptum
468 2304 514 2352 hoc
532 2319 626 2354 mrmeu
642 2318 694 2353 esse
713 2302 738 2351 iu
772 2308 805 2353 Σκ
875 2302 1021 2365 iscripsi.
1036 2300 1332 2375 zdwpocd'lrsnpuoro

174 2364 353 2415 nobilissimum
361 2366 738 2433 poetamTibullum‚nedubits;
772 2320 875 2422 Atilii
884 2376 941 2417 cett.
955 2367 1017 2417 eddo
1033 2367 1133 2415 cuum.
1145 2368 1191 2433 Ep.
1207 2382 1290 2421 nrm,
1306 2370 1331 2417 5.

174 2442 234 2475 num
253 2429 282 2485 is,
303 2430 324 2479 si
342 2432 398 2495 quis
417 2432 489 2489 nlius,
504 2433 640 2483 decantavit
658 2432 739 2497 elegos
773 2430 845 2479 Tenui
860 2432 954 2497 fronte,
974 2433 999 2481 iu
1017 2430 1083 2481 tenui
1102 2430 1167 2479 enim
1187 2438 1213 2479 et
1229 2446 1260 2479 en
1294 2440 1332 2481 ste

174 2494 323 2553 miserabiles,
341 2495 399 2545 be.
415 2496 548 2547 mollissimi
564 2497 638 2546 animi
653 2512 739 2545 seusus
770 2494 847 2545 fronte
874 2512 930 2562 pem
955 2494 1086 2545 venustatis
1112 2496 1214 2562 spectari
1240 2496 1333 2545 soebst

174 2558 271 2621 egregie
293 2561 459 2627 exprimentes,
477 2570 502 2611 et
521 2563 631 2626 querelas
650 2562 739 2635 passim
771 2560 834 2626 apud
846 2570 953 2620 reteres;
970 2560 1028 2611 binc
1037 2560 1134 2626 puelle,
1145 2570 1174 2609 ut
1183 2560 1292 2609 observet
1300 2560 1331 2609 sd

176 2620 207 2671 de
228 2624 327 2687 perfidie
346 2625 385 2673 rel
402 2626 489 2683 Delie,
507 2628 545 2675 rel
563 2628 682 2684 Nemesis,
701 2626 739 2675 vel
771 2624 797 2673 b.
810 2624 827 2673 l.
840 2625 1044 2675 nummorum
1057 2625 1083 2673 iu
1095 2624 1197 2673 iroutem
1211 2640 1287 2690 usque
1302 2640 1332 2674 eo

176 2686 282 2746 Neerae,
293 2686 332 2737 vel
349 2689 456 2739 Pholoes
472 2692 589 2755 (quarum
605 2706 677 2739 unam
694 2690 740 2739 sub
771 2688 934 2747 demittebant,
942 2690 1059 2756 ιιῑβραχὺ
1069 2691 1106 2755 τῷ
1114 2690 1221 2763 perdrp
1230 2690 1331 2755 μεταίχ-

175 2750 232 2799 ficto
259 2753 356 2803 nomine
384 2754 486 2819 Glycere
512 2756 585 2805 lutere
610 2755 686 2821 magis
714 2764 741 2804 ut
771 2772 828 2819 μων
838 2754 1027 2820 relinqueretur:
1045 2754 1149 2803 Locinu.
1157 2755 1188 2803 Τ.
1199 2754 1225 2811 ἰι,
1237 2770 1261 2819 p.
1273 2756 1331 2813 441,

176 2814 274 2864 credam
294 2816 408 2876 adducor,
426 2834 498 2884 quum
522 2829 550 2869 ut
566 2819 695 2885 Glyceram
714 2819 739 2868 iu
771 2818 1178 2879 mitReitz.,1t1ntist.Iv‚ir‚e.
1213 2820 1331 2876 Decliuet,

175 2878 308 2945 deperditis
318 2882 410 2931 Tibulli
421 2884 568 2933 carminibus
585 2886 684 2934 lonssse
698 2900 738 2933 ce·
771 2898 806 2931 sc.
829 2884 936 2933 animum
959 2899 974 2932 n
995 2882 1112 2949 Lycoride
1133 2898 1252 2932 eversum.
1287 2886 1331 2933 Sed

176 2942 294 2994 lebrutem
320 2962 372 2997 esse
397 2947 555 3011 existimem)
581 2950 739 2999 continentes.
769 2951 836 3009 prius
847 2950 1018 3012 Appulis,oett.
1029 2948 1128 2997 leuduni
1139 2947 1331 3013 Aristoph.Pnc.

175 3008 303 3058 Tibullum
315 3019 395 3061 eutem
406 3014 532 3078 pariterue
544 3013 589 3065 Vir
606 3015 673 3063 'lium
685 3014 738 3079 dig·
773 3014 845 3069 1076,
867 3014 929 3078 πρίν
948 3032 991 3063 rev
1008 3013 1086 3073 λύκος
1106 3014 1147 3063 olv
1167 3012 1286 3077 ὑμεναιοῖ.
1307 3022 1332 3063 et

176 3088 235 3121 num
254 3076 288 3123 ab
306 3076 414 3134 Horatio,
433 3094 506 3142 quem
524 3078 594 3143 singu
606 3080 639 3129 sri
659 3094 739 3129 eruore
771 3076 841 3142 l'irg.
858 3078 913 3127 Ecl.
925 3078 978 3135 siii,
993 3078 1035 3133 27,
1050 3078 1100 3127 luri
1118 3088 1187 3125 entur
1207 3081 1249 3124 'nm
1266 3078 1330 3141 Gry·

174 3138 382 3205 complecteretur,
400 3140 507 3191 habitum
524 3142 607 3199 luisse,
621 3142 677 3209 quis
693 3144 739 3193 sibi
768 3143 822 3203 plus
840 3146 911 3205 equis,
927 3150 1001 3192 cett:
1021 3142 1056 3191 cI.
1074 3094 1160 3191 inii:
1209 3142 1274 3197 .16,
1288 3144 1330 3191 30.

175 3217 225 3251 uon
267 3204 397 3254 mundet!
431 3206 471 3255 Ad
484 3206 586 3257 eundem
602 3207 690 3275 scripte
703 3218 740 3258 est
770 3205 914 3269 Iungentur,
926 3222 961 3256 sc.
971 3222 1051 3255 umore
1062 3206 1100 3257 vel
1111 3205 1194 3264 coitu,
1211 3206 1245 3254 sic
1260 3206 1330 3254 Vene-

175 3266 220 3314 int.
256 3268 393 3333 putuit.
404 3270 474 3337 prim.
771 3288 875 3319 murrum
885 3274 989 3319 trueibm
989 3272 1054 3347 seris
1057 3275 1161 3335 jungere
1170 3269 1333 3320 dixitTibull.

211 3334 286 3381 1-4.
313 3334 400 3383 Memor
421 3335 517 3384 Immitis
538 3336 648 3401 Glycerae,
670 3337 695 3386 h.
716 3353 739 3387 e.
773 3334 826 3392 i,9,
840 3336 885 3385 76:
904 3336 1034 3385 cillerns.
1050 3335 1081 3384 ed
1097 3334 1170 3384 ovid.
1185 3334 1258 3383 Rem.
1274 3336 1331 3384 Am.

175 3396 324 3461 cogitatione
339 3398 369 3449 de
385 3398 482 3465 perfidie
496 3400 549 3449 duri
565 3401 667 3467 pectoris
678 3402 739 3468 Gly-
770 3400 829 3449 407.
856 3399 930 3463 Turpi
935 3400 1333 3466 peooetadultero,iulsonestoCyii

174 3462 357 3511 cemnuimnm
368 3466 566 3514 tuumcrucinus.
590 3466 739 3525 Mirembiies,
772 3478 851 3513 umore
861 3465 994 3513 castitatem
1005 3479 1073 3513 suum
1115 3464 1283 3529 lluipetiatnr.

176 3525 271 3574 debiles
297 3537 322 3576 et
343 3528 515 3579 miserationem
538 3538 676 3590 moventes;
704 3532 738 3581 sic
805 3530 910 3577 lo-lt.
934 3531 972 3577 Sic
987 3533 1059 3578 vinam
1097 3531 1168 3584 meri,
1184 3528 1286 3577 iormnls
1301 3529 1332 3579 de

174 3590 318 3655 philomela,
325 3591 356 3641 de
365 3594 439 3659 pullis
450 3594 496 3643 sibi
507 3594 619 3644 detractis
628 3612 738 3660 quereus,
771 3593 850 3650 rebus,
868 3610 932 3659 qure,
953 3592 989 3642 uti
1007 3610 1037 3643 er
1055 3593 1176 3642 voluntate
1194 3602 1219 3641 et
1238 3591 1333 3643 decreto

173 3672 268 3703 eumen
290 3659 416 3707 miserabile
433 3662 550 3723 integrare
568 3658 656 3709 dicitur
675 3660 739 3727 apud
771 3656 867 3707 deorum
885 3658 1021 3707 consutum
1038 3668 1103 3715 sunt,
1116 3657 1151 3705 ite
1167 3656 1218 3707 fieri
1235 3659 1332 3707 omuino

176 3718 435 3785 l'irg.Geo.ir,514;
451 3732 476 3772 et
485 3724 520 3771 ric
531 3726 690 3773 miserabiliter
698 3726 738 3790 (h.
771 3720 866 3772 debent.
880 3722 1330 3784 Ovid.Met.i,³66,Siceimmmperis,

173 3800 198 3833 e.
209 3784 335 3849 flebiliter)
346 3790 434 3850 scriptu
450 3788 522 3837 litere
532 3788 596 3863 apud
609 3789 662 3838 Lis.
674 3791 738 3848 xxvi,
771 3796 795 3835 el
812 3802 845 3836 ste
892 3786 966 3836 alibi:
984 3788 1019 3837 cl.
1034 3788 1120 3835 Burm.
1135 3786 1167 3835 nd
1182 3786 1251 3849 virg.
1272 3788 1331 3835 AEn.

174 3848 202 3897 3.
226 3850 285 3905 Cur,
292 3858 415 3916 propterea
426 3851 500 3918 quod,
508 3862 536 3901 ut
545 3853 590 3901 inl.
601 3854 678 3927 Epist.
688 3854 705 3911 i,
714 3858 739 3914 8,
772 3849 837 3907 itit
855 3886 862 3899 .
883 3850 1162 3916 Cniplueer,cuivolupe
1169 3860 1214 3899 est.
1234 3850 1333 3913 lupam

177 3914 219 3961 10.
255 3914 307 3963 Tibi
322 3918 452 3979 prurirent,
468 3932 511 3983 pro
526 3918 602 3975 tenuI,
619 3919 663 3967 tibi
696 3936 739 3968 rue·
764 3916 865 3981 somnos,
888 3916 1002 3966 formosos
1024 3930 1053 3964 sc
1075 3915 1200 3964 deformes.
1233 3914 1333 3977 impares

174 3976 307 4033 feramute
320 3980 436 4045 potiorsit
448 3935 739 4056 epudGlyeernmJiem
772 3983 865 4038 animos,
875 3980 982 4029 homines
992 3980 1079 4029 diversi
1089 3979 1189 4044 ingenii.
1217 3980 1332 4043 Sudjugn

166 4043 248 4105 fide)
260 4059 316 4107 ques
326 4043 406 4093 datam
422 4045 466 4094 tibi
483 4047 508 4095 in
525 4062 603 4096 umore
614 4046 685 4096 fidem
696 4048 738 4097 lie·
771 4062 840 4093 neneo
855 4049 952 4103 mittere,
963 4044 1126 4109 constringere
1140 4042 1226 4093 umoris
1236 4044 1334 4094 viuculo

175 4107 217 4155 sit.
251 4108 365 4157 Ceterum
375 4108 478 4169 merum,
489 4111 540 4176 qui,
552 4126 607 4159 oum
619 4128 667 4161 non
681 4114 740 4161 eutis
771 4110 914 4166 firmissimo,
933 4126 976 4175 pro
997 4109 1114 4185 simplice,
1135 4109 1254 4174 oopulsre,
1274 4124 1332 4158 cou-

175 4182 370 4236 assequerentur,
392 4177 513 4239 quomodo
533 4176 631 4230 Tibullo
654 4184 741 4244 poete,
770 4174 882 4240 jungere.
914 4174 988 4238 Jugn,
1000 4174 1123 4223 notissime
1136 4173 1289 4223 translatione
1302 4174 1334 4223 de

174 4238 218 4301 qui
228 4238 281 4301 jam
290 4238 368 4286 aetetis
379 4254 443 4289 uuuo
453 4258 522 4289 rrrr
534 4239 598 4289 diem
606 4258 741 4307 supremum
773 4240 860 4289 umoris
897 4238 1011 4297 vinculis,
1048 4237 1137 4302 quibus
1173 4237 1333 4311 conjugantur

175 4302 271 4359 obierit,
284 4300 367 4377 junior
384 4318 399 4351 e
416 4304 497 4371 puella
513 4305 614 4371 preferri
629 4306 742 4372 potuerit,
774 4312 899 4353 ementes:
927 4320 1006 4361 anuo,
1029 4320 1084 4368 quie
1111 4316 1160 4351 uon
1180 4303 1252 4351 lucrle
1273 4303 1334 4353 solvi

174 4366 217 4414 vir
235 4366 268 4414 ud
285 4366 354 4416 illum
372 4367 417 4417 hoc
434 4385 530 4419 carmen
546 4370 660 4436 scriptum
678 4386 741 4430 esse,
772 4378 881 4437 possunt,
895 4383 959 4432 quie,
971 4368 1013 4433 qui
1029 4374 1101 4425 eruut,
1117 4382 1165 4415 non
1182 4366 1253 4415 Iecile
1269 4382 1333 4415 ruru-

175 4439 339 4481 enumerent
373 4434 419 4481 Sed
445 4449 518 4499 quam
544 4450 608 4500 supe
633 4436 740 4485 accidere
803 4432 916 4483 revellis
931 4446 958 4481 se
971 4430 1083 4498 expedire
1124 4439 1185 4480 teet:
1204 4430 1248 4479 inf.
1260 4430 1295 4489 iii,
1307 4434 1333 4488 9,

173 4496 246 4552 solet,
258 4505 287 4544 ut
297 4494 386 4563 puelle
397 4498 435 4547 vel
446 4496 532 4565 viginti
548 4508 652 4565 quatuor
666 4516 741 4549 anuos
773 4452 814 4555 ll,
825 4500 888 4553 Quid
900 4500 920 4544 ri
928 4499 1005 4559 priseo
1014 4499 1077 4545 redit
1105 4512 1169 4549 erus,
1180 4496 1335 4569 Diductorque

175 4560 327 4674 uagoyryrepy
339 4562 414 4610 ulium
421 4578 453 4675 po
461 4562 582 4628 juniorem
591 4565 729 4679 prsylyrautl!
766 4569 830 4676 jope
839 4564 900 4675 {ogit
910 4564 993 4674 meroe?
1003 4558 1275 4673 &wlff-3533
1280 4576 1334 4672 ppn

277 4660 283 4673 .
327 4642 420 4677 exure
447 4642 544 4675 murus:
563 4645 610 4677 uon
638 4646 740 4686 rison,
772 4644 828 4677 cuo
856 4642 980 4674 unissim.
1195 4642 1201 4669 :

174 4689 216 4738 red
241 4690 296 4745 allis
318 4690 381 4740 idem
402 4692 428 4740 iu
449 4706 529 4741 umore
547 4692 653 4743 accidere
672 4696 740 4744 solet.
772 4691 874 4759 pectoris
894 4690 1037 4757 χαῳεκιικία
1054 4688 1085 4737 de
1103 4642 1233 4737 auianum
1253 4687 1335 4739 dolore

174 4755 275 4819 Lycoris
294 4771 391 4821 quoque
412 4768 477 4806 amat
499 4758 596 4823 Cyrum,
617 4767 643 4807 st
662 4760 741 4825 Cyrus
772 4758 859 4823 possim
872 4754 1092 4805 l'eneritribnitnr.

751 4842 763 4873 r
