3659 5892
676 563 841 631 LIBER
863 561 892 643 l,
915 565 947 628 2.

323 722 566 790 Libertinarum
581 720 667 798 dico,
684 718 859 785 Sallustius
874 718 909 782 in
924 738 1006 801 quas

321 826 401 891 Non
416 825 522 890 minus
538 822 668 900 insanit,
684 844 782 907 quam
796 822 853 906 qui
866 818 1060 884 moechatur.
1104 816 1154 883 At
1167 816 1223 885 hic
1237 818 1266 883 si

257 929 300 993 50
322 929 399 1003 Qua
411 949 477 1004 res,
493 947 558 1011 qua
572 926 657 991 ratio
673 924 837 1001 suaderet,
853 944 984 1010 quaque
998 922 1147 987 modeste
1220 1008 1224 1013 Ι

321 1029 484 1096 Munifico
498 1051 571 1095 esse
585 1028 673 1106 licet,
689 1026 786 1092 vellet
799 1028 907 1091 bonus
923 1036 1021 1111 atque
1035 1024 1198 1109 benignus

322 1133 426 1212 Esse;
450 1132 544 1197 dsret
557 1140 716 1216 quantum
731 1129 810 1195 satis
825 1138 925 1207 esset,
939 1150 999 1194 nec
1015 1130 1079 1193 sibi
1093 1128 1213 1193 damno

319 1235 553 1319 Dedecorique
567 1232 668 1312 foret3
692 1254 804 1298 verum
818 1232 881 1297 hoc
896 1254 932 1297 se
947 1231 1153 1316 amplectitur
1168 1251 1246 1306 uno,

320 1337 397 1403 Hoc
412 1348 509 1415 amat,
524 1337 588 1402 hoc
602 1335 732 1400 laudat:
757 1333 946 1400 Matronam
959 1332 1082 1399 nullam
1095 1354 1159 1417 ego
1173 1341 1284 1415 tango.

257 1440 301 1505 55
321 1439 370 1505 Ut
384 1439 549 1525 quondam
565 1438 740 1516 Marsaeus,
756 1446 881 1502 amator
896 1435 1045 1521 Originis
1059 1434 1125 1513 ille,

322 1543 391 1617 Qui
405 1542 547 1627 patrium
561 1540 666 1605 mimae
682 1542 783 1605 donat
798 1539 1002 1624 fundumque
1015 1538 1194 1625 laremque,

320 1644 380 1709 Nil
394 1643 493 1708 fuerit
506 1644 562 1721 mi,
578 1643 694 1727 inquit,
710 1664 784 1709 cum
798 1642 959 1707 uxoribus
974 1664 1118 1727 unquam
1132 1642 1257 1707 alienis.

321 1746 447 1814 Verum
462 1757 514 1813 est
526 1768 600 1812 cum
614 1748 730 1824 mimis,
746 1756 797 1811 est
812 1767 886 1811 cum
900 1746 1141 1824 meretricibus,
1156 1744 1246 1811 unde

319 1848 419 1914 Fama
434 1849 552 1915 malum
566 1850 708 1934 gravium
725 1869 823 1932 quarn
837 1868 890 1912 res
906 1847 1017 1912 trahit.
1063 1845 1121 1911 An
1136 1847 1197 1913 tibi
1211 1847 1344 1913 abunde

254 1952 299 2017 60
321 1952 501 2018 Personam
516 1952 595 2015 satis
610 1960 672 2029 est,
688 1973 754 2015 non
770 1950 863 2029 illud,
879 1950 1041 2035 quidquid
1056 1951 1179 2036 ubique

321 2054 446 2132 officit,
462 2054 606 2118 evitaret
651 2052 779 2118 Bonam
793 2052 978 2138 deperdere
992 2053 1121 2133 famam,

319 2156 405 2223 Rem
419 2157 522 2242 patris
538 2156 704 2234 oblimare,
719 2154 839 2220 malum
853 2165 904 2221 est
919 2156 1128 2241 ubicumque.
1175 2154 1268 2229 Quid
1287 2154 1389 2220 inter-

319 2260 394 2339 Est,
410 2262 444 2325 in
459 2271 617 2338 matrona,
633 2258 750 2325 ancilla
763 2280 924 2343 peccesne
938 2262 1072 2344 togata?

319 2363 438 2429 Villius
453 2364 486 2427 in
501 2362 625 2427 Fausta
640 2361 741 2427 Sullae
756 2384 869 2447 gener,
884 2360 948 2427 hoc
962 2364 1061 2427 miser
1075 2384 1142 2427 uno

252 2466 297 2530 65
317 2465 461 2532 Nomine
477 2466 646 2550 deceptus,
662 2486 777 2550 poenas
794 2464 1006 2550 deditusque
1023 2487 1187 2551 superque

231 2636 280 2669 rem
298 2634 384 2667 monem
402 2628 425 2667 st
444 2620 516 2668 vitam
532 2628 554 2667 st
571 2634 623 2667 eum
640 2632 732 2681 corpore
744 2615 790 2681 so·
855 2618 897 2665 55.
916 2616 1037 2681 Originis.⁸
1053 2616 1150 2667 iuenmt
1163 2616 1207 2667 illo
1218 2624 1323 2683 tempore
1334 2618 1386 2667 Ro·

233 2700 303 2733 mm.
823 2695 869 2729 mse
880 2688 928 2731 tres
940 2680 1095 2730 nobilissimas
1110 2683 1190 2731 mimas
1199 2691 1226 2731 et
1234 2682 1384 2733 mereuices:

264 2749 307 2797 44.
323 2747 511 2803 Persdnserunt,
530 2745 689 2811 pudicarum.
722 2745 791 2795 can·
824 2744 908 2811 Origo,
925 2745 1029 2795 Citheris
1046 2746 1110 2809 (sive
1125 2746 1243 2809 Licoris),
1254 2756 1279 2797 et
1293 2747 1385 2797 Arbua·

230 2829 269 2861 uss
285 2812 391 2925 prpprie,
408 2820 435 2860 ut
452 2809 633 2923 docetrl'estua
646 2809 713 2922 perd
728 2809 792 2859 mili·
824 2810 896 2859 cula:
913 2808 965 2922 lld'
976 2812 1044 2859 Serv.
1055 2810 1086 2886 ad
1098 2810 1169 2876 virg.
1180 2810 1236 2863 sel.
1249 2829 1273 2869 x,
1285 2813 1311 2861 2.

230 2886 298 2999 lddldt’,
322 2884 504 3005 qlruasmiqusddla
520 2890 712 2990 nlsgllamdolrddtls
727 2890 794 2990 geSlsed
858 2877 901 2989 gil.
919 2877 1262 2999 Anulidiaaldffll'ermn,
1273 2950 1332 2993 cett.
1343 2944 1387 3009 qui

231 3006 293 3055 iuter
304 3020 384 3055 servos
393 3004 536 3081 domesticos
547 3019 643 3079 quoque
654 3004 792 3082 ii‚·qui·lig-
825 3012 967 3080 matronam,
979 3004 1006 3081 in
1020 3020 1070 3070 qua
1087 3020 1187 3072 meare
1202 3007 1286 3072 possit,
1301 3008 1385 3064 evitet,

230 3070 466 3121 nolerendoetalus
477 3069 792 3119 mrmstenahumrtronbm
824 3077 849 3117 st
865 3084 890 3117 ru
908 3068 1113 3137 libemuaqusm
1129 3078 1243 3128 secutur,
1319 3073 1386 3131 stis

230 3134 413 3191 adhibebantur,
433 3133 548 3210 appellati
567 3142 626 3183 sunt
646 3136 743 3191 mtonu,
763 3144 792 3184 ut
824 3148 873 3182 uon
892 3149 942 3183 rem
963 3133 1050 3199 ipsam,
1068 3151 1117 3185 non
1133 3134 1196 3185 illud
1211 3152 1245 3201 qu
1294 3137 1387 3203 ubique

230 3199 276 3249 hoc
287 3200 340 3249 loco
350 3206 376 3250 et
386 3200 438 3248 Sat.
447 3216 465 3257 1,
475 3200 500 3255 6,
512 3200 568 3256 10³,
580 3198 661 3312 Epist,
670 3199 687 3257 i,
699 3201 739 3255 14,
750 3202 791 3249 42.
823 3197 911 3249 damno
922 3208 946 3248 st
957 3198 1123 3258 dedecoriue
1135 3200 1179 3250 sed
1195 3215 1321 3266 possem
1332 3211 1386 3252 tau·

262 3266 304 3313 46.
321 3264 382 3313 Jun
392 3280 481 3313 omnes:
496 3278 580 3315 omnes
596 3263 604 3313 i
634 3264 724 3313 sactum
737 3280 791 3315 esse
822 3270 874 3311 tum
887 3264 970 3321 evitat,
983 3279 1091 3331 persone
1106 3274 1209 3321 tantum,
1222 3281 1271 3315 non
1286 3267 1320 3317 rei
1335 3267 1385 3317 dis·

226 3344 284 3443 ΕΞ
297 3328 404 3387 aiebant.
423 3328 466 3378 sed
483 3328 560 3377 Galba
576 3328 687 3392 negabat.
727 3329 789 3379 Gal·
822 3328 913 3378 crimen
926 3328 992 3379 iacit.
1017 3330 1194 3393 Perpemnam
1205 3329 1257 3395 jam
1272 3332 1385 3396 daiga.

287 3408 336 3453 ,ex
346 3392 423 3443 nobili
435 3394 535 3443 sortasse
549 3402 620 3457 geute
631 3394 674 3443 Sul
693 3392 740 3442 'cia
751 3409 789 3443 or·
822 3398 869 3449 tur,
894 3403 1010 3449 matrona,
1034 3406 1141 3443 metrone
1161 3402 1198 3444 est
1220 3410 1323 3460 persona
1341 3397 1385 3446 lro·

230 3466 290 3515 tum,
302 3468 330 3507 ut
344 3458 480 3508 adulterum
492 3458 531 3507 vel
549 3465 613 3508 certe
629 3410 797 3521 adullsrorum
822 3465 900 3517 uesta,
920 3458 1033 3508 libertina
1051 3474 1153 3523 persona
1168 3458 1250 3508 miuus
1268 3461 1385 3522 boream

231 3532 365 3589 patronum,
378 3531 473 3571 notasse
483 3522 577 3572 videtur
586 3522 709 3573 Horatius.
821 3524 912 3585 ubique,
928 3523 955 3571 in
970 3538 1067 3588 quaque
1085 3539 1194 3588 persons,
1213 3524 1230 3573 i.
1240 3540 1264 3575 e.
1275 3525 1386 3577 muliere.

261 3590 303 3648 47,
321 3588 396 3645 um,
408 3586 515 3637 libidinis
528 3587 617 3637 lructrrs
626 3586 690 3654 apud
700 3587 790 3638 liberu-
823 3585 879 3635 Rem
893 3592 970 3650 patris
987 3587 1186 3653 (patrimonium)
1199 3591 1315 3647 oblimare,
1328 3590 1386 3641 limo

229 3666 282 3709 nas,
294 3669 350 3718 qum
359 3667 467 3729 corpore,
477 3662 593 3717 tunquam
607 3667 685 3701 merce
699 3653 790 3719 aliqua,
823 3651 952 3710 obducere,
969 3651 996 3701 in
1013 3652 1097 3701 limum
1113 3662 1139 3702 et
1148 3668 1247 3704 coenum
1261 3654 1331 3721 quasi
1340 3656 1384 3705 ab·

229 3726 349 3783 questum
357 3717 461 3767 sacrum:
480 3716 536 3766 binc
546 3734 609 3765 merc
619 3732 643 3767 v.
655 3718 687 3765 113
703 3717 733 3768 de
748 3733 790 3768 re·
820 3714 904 3779 jicere,
928 3716 964 3765 uti
985 3715 1033 3766 tem
1053 3720 1186 3781 dilapidare
1211 3734 1262 3786 pro,
1285 3720 1386 3787 turpiter

230 3782 334 3832 ruentis
344 3790 370 3833 et
380 3782 460 3831 formu
471 3781 605 3831 lenociniis.
823 3780 975 3846 profundere.

261 3848 303 3895 411.
320 3848 454 3905 Saltunius,
473 3845 546 3903 idem,
564 3854 592 3895 ut
609 3844 710 3903 ridetur,
722 3844 789 3895 Cn's·
855 3846 897 3897 62.
914 3847 980 3901 Quid
994 3848 1099 3903 interest,
1114 3854 1173 3897 cett·
1204 3848 1384 3915 Ergopeecas5

229 3926 275 3977 pus
293 3910 432 3967 Sallustius,
448 3910 480 3959 ad
499 3925 572 3985 quem
587 3909 633 3959 scri
652 3918 676 3959 ta
690 3918 728 3960 sst
739 3910 791 3961 0d.
823 3925 878 3959 nam
896 3910 980 3961 eodem
996 3909 1067 3970 redit,
1083 3920 1163 3961 utrum
1181 3910 1208 3961 in
1228 3920 1336 3964 matrona
1352 3930 1385 3963 an

229 3975 336 4025 secunda
352 3975 407 4025 libri
418 3974 527 4031 meandi,
542 3974 621 4026 ubiri
639 4008 647 4023 .
665 3990 790 4049 argumen-
824 3974 851 4024 in
862 3975 952 4025 ancilla
963 3990 1060 4041 pecces.

229 4048 290 4089 tum.
323 4040 420 4104 loquat
433 4040 485 4088 Non
497 4042 792 4107 minmimnit,rnquas
856 4040 898 4091 6³.
915 4042 1010 4091 Ancilla
1021 4049 1109 4104 togata,
1119 4038 1239 4101 libertina,
1250 4041 1301 4100 cui,
1312 4051 1386 4093 antea

228 4119 278 4154 non
289 4104 380 4154 minore
392 4104 500 4153 lrbrdmrs
511 4104 589 4155 furore
600 4103 683 4155 fertur.
824 4104 929 4163 ancillae.
953 4120 1020 4154 nuuc
1042 4114 1122 4170 togam
1143 4106 1237 4171 pullam
1263 4123 1293 4157 ex
1320 4123 1385 4159 mors

260 4170 302 4219 51.
326 4170 448 4233 Munifim,
468 4185 520 4236 pro,
532 4168 673 4219 munificum
685 4186 691 4217 t
709 4168 742 4219 cl.
761 4169 792 4219 ad
823 4170 975 4220 meretricum
987 4178 1078 4233 gestare
1088 4170 1186 4220 licebat.

231 4234 404 4293 Sar.i,1,19.
431 4234 612 4299 Benignusrei.
624 4250 678 4301 sup.
689 4234 720 4282 ad
730 4248 754 4283 v.
765 4236 790 4284 4.
855 4236 898 4284 64.
917 4234 1003 4283 Villius
1012 4237 1038 4283 t'n
1050 4236 1148 4294 Fausto,
1157 4243 1215 4285 cett.
1224 4252 1273 4285 non
1282 4236 1384 4295 Villlus,

260 4301 302 4348 52.
319 4299 419 4355 Damno,
436 4299 557 4365 perdendo
573 4300 651 4349 bona:
678 4300 791 4357 dedecori,
823 4296 866 4348 sed
885 4300 916 4349 Τ.
936 4298 1033 4348 Annius
1052 4300 1126 4356 Milo,
1144 4316 1175 4349 ex
1193 4300 1309 4350 Cicerone
1326 4303 1386 4353 satis

228 4362 348 4430 perdendo
359 4364 447 4412 bonam
458 4362 554 4413 famam
824 4371 904 4423 notus,
919 4364 1016 4412 Faustae
1027 4364 1136 4420 maritum,
1147 4372 1173 4414 et
1188 4364 1287 4432 proinde
1298 4366 1385 4425 Sullae,

261 4430 302 4487 63,
320 4430 362 4477 st.
385 4429 433 4478 Hoc
452 4445 475 4478 se
499 4430 647 4492 amplectitur
668 4445 724 4488 uno,
745 4427 790 4479 hoc
821 4427 897 4503 patris
914 4428 1021 4485 Fausta,
1040 4445 1113 4493 gener
1128 4428 1183 4478 luit.
1215 4429 1264 4479 Sed
1282 4430 1384 4489 Villius,

229 4508 279 4542 uno
298 4491 407 4543 libidinis
429 4508 514 4557 genere
539 4493 585 4542 sibi
607 4492 696 4558 placet.
737 4493 788 4542 Hoc
820 4493 883 4542 rdsm
895 4492 995 4543 tortasse
1005 4495 1093 4543 Sextus
1104 4492 1205 4551 Villius,
1214 4510 1286 4559 quem
1299 4494 1385 4545 Cicero

227 4568 300 4615 mant,
313 4556 369 4607 huic
384 4556 426 4607 uni
441 4557 550 4607 libidinis
564 4556 645 4623 generi
661 4556 788 4623 indulgen
821 4558 914 4622 (Epist.
925 4556 957 4607 sd
967 4558 1037 4607 Pam.
1050 4557 1078 4617 ii,
1090 4558 1120 4622 6)
1132 4557 1164 4607 ad
1177 4558 1279 4607 Milonis
1294 4559 1385 4608 amicos

228 4622 269 4671 bec
285 4622 377 4681 laudor,
394 4622 439 4672 hoc
451 4638 527 4673 unum
538 4621 646 4671 libidinis
658 4637 734 4688 geum
744 4638 787 4673 ex·
819 4622 898 4679 refert,
910 4638 967 4671 cum
980 4630 1045 4672 esset
1058 4638 1121 4672 unus
1143 4622 1304 4673 adulterorum
1322 4640 1385 4689 quos

226 4686 300 4743 tollit,
322 4686 380 4738 dum
406 4687 449 4745 ait,
474 4688 609 4739 Matronae·
635 4688 728 4737 nullom
747 4704 789 4752 ego
821 4688 920 4744 Fausta,
936 4686 1023 4736 mulier
1036 4686 1174 4746 libidinosa,
1186 4687 1311 4737 admittere
1321 4688 1383 4738 sole·

228 4761 308 4816 tango.
820 4753 871 4807 bat,
886 4768 959 4816 gener
976 4750 1153 4817 quodammodo
1169 4752 1254 4810 Sulla,
1271 4752 1314 4817 qui
1330 4753 1385 4819 ejus
