3659 5892
652 502 817 570 LIBER
840 503 867 580 1,
890 504 922 567 9.

623 738 865 805 EPISTOLA
887 737 951 804 IX.

504 937 564 987 AD
592 935 820 985 CLAUDIUM
849 934 1073 984 NERONEM.

301 1078 497 1155 Sarmalius,
514 1077 643 1154 Claudi,
658 1076 808 1141 nimirum
822 1074 974 1159 iutelligit
990 1098 1085 1153 unua,

301 1180 426 1254 Quanti
438 1203 489 1245 me
503 1180 604 1245 facias
616 1202 624 1243 ι
648 1199 733 1254 nam,
747 1199 849 1261 quum
862 1186 968 1261 rogat,
985 1188 1018 1241 ot
1032 1198 1130 1261 prece
1145 1178 1244 1262 cogit,

301 1280 433 1346 Scilicet
447 1293 484 1345 ut
499 1282 560 1345 tibi
575 1302 610 1345 ae
624 1279 759 1345 laudare
773 1288 807 1343 et
821 1278 952 1343 tradere
967 1300 1077 1359 coner,

302 1382 449 1466 Dignum
463 1392 570 1447 mente
585 1382 747 1464 domoque
760 1379 899 1464 legentis
913 1378 1053 1445 honesta
1067 1379 1224 1458 Neronia,

259 1484 281 1547 5
301 1483 442 1549 Munere
456 1505 557 1567 quum
570 1482 664 1567 fungi
676 1482 839 1566 propioris
853 1492 965 1547 censet
980 1482 1085 1559 amici,

302 1585 395 1659 Quid
407 1585 543 1669 possim,
556 1584 648 1649 videt
662 1605 700 1652 ac
715 1583 805 1649 novit
818 1604 870 1650 me
884 1582 1011 1649 valdius
1026 1584 1111 1668 ipeo.

302 1686 412 1751 Multa
424 1686 556 1770 quidem
571 1686 652 1763 dixi,
668 1707 728 1752 cur
740 1695 918 1753 excusatae
932 1686 1072 1753 abirem:

212 1806 219 1815 ·
303 1789 370 1853 Sed
385 1788 488 1865 timui,
503 1809 577 1854 mea
590 1810 632 1853 ne
645 1787 781 1853 firminae
795 1788 921 1854 minora
933 1798 1085 1871 putarem

302 1888 535 1955 Dissimulator
548 1890 621 1973 opis
636 1889 789 1974 propriae,
803 1888 883 1951 mihi
897 1892 1086 1957 commodae
1101 1894 1169 1957 uni.

243 1995 282 2058 10
304 1992 359 2057 Sic
373 2014 448 2075 ego,
463 1992 593 2075 majoris
609 1990 737 2076 fugiens
753 1991 931 2074 opprobria
945 1992 1062 2077 culpa,

303 2093 433 2158 Frontis
449 2094 492 2157 ad
506 2095 642 2158 urbanae
655 2092 814 2159 descendi
826 2093 971 2176 praeuda.
1018 2093 1149 2167 Quodsi

304 2196 503 2280 Depositum
515 2194 630 2259 laudae
646 2196 690 2259 ob
704 2193 798 2259 amici
808 2194 904 2278 juaaa
917 2194 1088 2279 pudorem,

305 2296 420 2362 Scribe
436 2299 483 2362 tui
498 2298 608 2382 gregia
622 2296 722 2373 hunc,
737 2305 772 2361 et
786 2293 904 2359 fortem
919 2297 1016 2361 crede
1031 2298 1228 2379 bonumque.

379 2429 551 2479 EPISTOLA
568 2429 617 2479 lx.
809 2426 909 2479 arctiore
925 2437 1004 2477 tecum
1020 2429 1177 2495 conjunctum
1192 2445 1244 2479 ease
1256 2429 1369 2480 amicula

252 2493 375 2550 Horatius,
395 2494 453 2542 dum
472 2492 578 2543 amicum
598 2508 678 2549 auum,
699 2490 777 2607 Septi
809 2490 916 2541 viuculo.
948 2492 1368 2570 Vuldiur‚rectiue,meliua‚mapia;

218 2557 303 2613 mium,
323 2566 351 2606 ut
366 2556 443 2607 virum
463 2557 548 2606 iomar
566 2559 705 2623 bonumque
742 2558 776 2603 rb.
808 2556 907 2605 obeerra
927 2556 1020 2605 Horatii
1043 2556 1183 2607 modestiam
1204 2566 1228 2607 et
1246 2558 1368 2607 urbanita-

220 2621 308 2672 claud.
331 2621 436 2671 Neronia
458 2620 534 2671 faveri
560 2630 586 2670 et
604 2620 777 2671 benevolentia
809 2626 873 2667 tera:
891 2620 936 2669 int.
951 2621 977 2669 in
993 2620 1071 2687 Epist.
1088 2620 1119 2669 ad
1135 2622 1187 2673 Pia.
1199 2624 1258 2681 321,
1272 2623 1369 2671 Valdiut

218 2685 376 2743 commendat.
398 2686 553 2750 singularem,
572 2700 621 2751 qua
639 2684 691 2751 ipre
712 2684 776 2759 apud
808 2686 914 2733 &hotot

217 2748 284 2797 hune
294 2750 430 2823 principem
445 2750 659 2813 intemptatum
676 2750 777 2813 glomere
842 2750 866 2797 a.
883 2749 927 2798 Sed
944 2751 1020 2805 timui,
1033 2766 1070 2805 ne,
1081 2756 1138 2798 cett.
1149 2749 1191 2799 ted
1207 2749 1284 2807 timui,
1297 2764 1327 2799 ne
1343 2749 1369 2801 iu

218 2812 321 2862 extollit.
355 2816 435 2873 Quam
451 2828 522 2863 carm
535 2822 616 2864 autem
627 2812 727 2863 Horatio
739 2812 777 2861 iu·
809 2812 1256 2877 suspicionenvenirem.meeemulu
1265 2812 1370 2865 elevarae

217 2877 264 2926 erit
273 2876 352 2927 Titine
363 2877 501 2942 Septimiae,
513 2886 583 2943 poeta
592 2877 706 2941 nogione,
717 2876 779 2941 (vid.
809 2891 887 2924 meam
898 2876 963 2942 apud
974 2886 997 2927 te
1008 2878 1180 2927 aucuritatem.

219 2956 273 3006 nup.
285 2940 316 2989 ad
333 2942 412 3006 Epist.
426 2940 461 2997 iii,
477 2941 518 3004 9,)
532 2942 668 2992 luotrleuter
683 2958 714 2991 er
730 2940 778 2991 oda
841 2942 859 2989 9
879 2941 1046 2991 ϋὴιίιιιιιὶαιοι·
1062 2945 1110 3003 opit
1125 2944 1233 3005 proprie.
1268 2942 1314 3005 Ope
1330 2942 1370 2991 rel

220 3004 353 3054 tentalibri
362 3004 578 3073 aemndiapparet.
810 3007 866 3065 cpit,
885 3012 914 3052 ut
932 3008 1042 3067 potentin
1061 3005 1148 3071 passim
1168 3004 1197 3055 de
1217 3005 1302 3069 gratia,
1322 3022 1371 3071 qua

253 3071 326 3119 1-6.
346 3069 395 3119 Hic
411 3070 487 3125 locus,
504 3069 602 3119 mutatis
617 3068 778 3119 diminutioni·
811 3066 867 3131 quia
881 3068 985 3117 multum
1002 3068 1084 3135 pollet,
1095 3069 1196 3119 multum
1215 3070 1308 3119 efficere
1326 3086 1369 3135 pe-

218 3132 273 3191 bar,
292 3132 352 3181 milri
369 3132 403 3181 ita
425 3134 543 3183 cohaerere
560 3134 670 3183 videtur:
689 3134 780 3188 Quanti
811 3139 875 3186 teatt
891 3141 961 3182 vocat
979 3142 1059 3183 autem
1079 3133 1141 3183 hanc
1158 3136 1285 3197 proprium,
1302 3134 1371 3198 quari

219 3214 253 3245 are
256 3196 346 3263 focius,
355 3198 518 3255 cunctum
525 3201 637 3245 nimirum
644 3198 777 3262 (pmlecto)
809 3210 840 3244 ea
855 3198 929 3259 (milti
946 3200 1071 3247 οιιιιιιιιοᾱιιι
1089 3199 1148 3259 uni)
1166 3198 1237 3249 unice
1255 3197 1282 3246 iu
1299 3213 1371 3247 auum

218 3261 334 3336 intelligit
349 3262 472 3323 Septimius
501 3261 595 3311 additur
612 3260 672 3310 ratio
688 3278 732 3311 eur
752 3261 778 3309 id
809 3259 887 3325 ipaiua
897 3261 1048 3311 commodum
1058 3269 1148 3311 utatur.

219 3338 284 3373 anna
292 3325 413 3389 intelligat
422 3327 488 3390 Sept.
507 3342 589 3384 mou,
597 3344 668 3389 quum
678 3336 780 3390 rognt-
845 3324 886 3371 10.
908 3325 1007 3387 Majorir
1028 3328 1116 3387 culpe:
1144 3341 1198 3375 uam
1222 3325 1263 3390 qui
1286 3324 1369 3384 alium,

219 3404 288 3451 quun
299 3392 462 3451 eruut-coia
477 3407 488 3437 e
504 3392 608 3451 opeuim
623 3388 687 3455 apud
701 3399 733 3445 te,
745 3406 781 3439 me
812 3402 884 3451 quem
899 3403 942 3452 pro
953 3390 1028 3452 gratia
1043 3404 1089 3440 eua
1104 3388 1268 3439 commendare
1285 3397 1372 3453 potent.

219 3454 267 3529 ipae
282 3408 574 3529 caldine(olariua5videt
587 3456 699 3528 temnit,
732 3454 777 3501 Ni·
809 3452 976 3529 commendare
1002 3452 1096 3527 refugit,
1124 3454 1170 3502 hoe
1195 3453 1371 3528 inhumanitate

219 3517 780 3644 tttt’..¹'t?‘⁶⁰s.¹t·tlt.l¹l⁰,=..⁰t;lt
810 3518 1372 3644 ttt‘tdttttlttttltttttldt

219 3647 338 3707 quiddam,
351 3663 421 3707 quom
435 3647 534 3694 hominen
549 3648 691 3707 opinentur:
716 3645 780 3694 idem
811 3643 837 3691 la
868 3658 906 3691 em
916 3653 1006 3709 captat.

221 3706 384 3765 adAttic.ir‚
399 3711 425 3765 9,
438 3709 519 3773 ltaque
534 3712 645 3757 nimirum
660 3711 701 3758 loe
716 3712 779 3758 illud
846 3709 885 3755 ll.
903 3708 998 3757 Frontis
1008 3710 1112 3757 urionoe:
1130 3708 1206 3759 taneta
1216 3707 1315 3759 frontem
1326 3709 1371 3757 du·
1435 3727 1436 3737 ¹

220 3781 261 3827 eet,
272 3776 332 3835 pund
344 3774 421 3822 Cerne·
429 3776 509 3821 scribit
520 3777 546 3821 in
556 3790 583 3821 eo
597 3775 701 3833 epistola,
712 3779 780 3836 ιιιριιι
811 3786 862 3819 ram
879 3771 1079 3846 (impudentiam)
1093 3780 1164 3821 vocat
1179 3774 1301 3829 urionem,
1314 3773 1372 3838 quia

220 3839 487 3899 wenplamadtemiri.
512 3838 780 3901 Prececogit,precibua
813 3850 861 3883 non
872 3851 960 3884 rarum
971 3837 1029 3885 urbe
1040 3836 1194 3885 inveniuntur
1204 3836 1255 3901 qui,
1263 3846 1291 3885 ut
1301 3853 1371 3887 veron

222 3914 260 3947 me
275 3910 407 3965 expugnat.
439 3902 532 3949 Scilicet
542 3913 620 3957 uteo
636 3901 781 3957 nominant
813 3900 1289 3963 aequemedicitnnpudoremdepmnm.
1324 3902 1372 3950 De·

220 3979 295 4075 w
307 3982 330 4013 ae
340 3964 509 4077 (Sephitmium)
521 3966 565 4015 tibi
581 3967 679 4013 laudm
693 3975 716 4013 et
726 3976 777 4015 ινα·
809 3967 901 4077 receptui:
912 3965 1034 4039 eleganter
1045 3964 1075 4077 ald
1086 3965 1324 4079 alptpruipladpreeudedre
1334 3965 1371 4017 di·

276 4044 403 4083 ,commen
434 4044 468 4077 re.
811 4044 859 4077 cun
887 4045 906 4084 r,
942 4044 968 4077 ιιι
1074 4046 1107 4078 uu
1188 4046 1203 4077 n
1220 4045 1258 4079 em
1323 4046 1372 4079 rem

254 4093 278 4139 4.
296 4093 403 4156 Dignum
418 4103 491 4141 orente
507 4095 612 4156 donoque
627 4094 724 4157 tegentis
740 4095 780 4143 le·
812 4092 918 4156 aliquam
925 4044 1067 4143 Klttcidlldllln
1084 4110 1158 4159 quam
1175 4093 1277 4161 primum
1294 4093 1372 4145 lacera

221 4164 285 4203 areta
308 4156 422 4205 Neronis:
449 4165 564 4230 uuquam
584 4156 715 4213 homiuem,
738 4156 782 4223 qui
814 4155 936 4205 uolebant.

221 4218 335 4278 Neronia,
350 4221 391 4269 cui
409 4219 452 4277 nil,
468 4220 515 4269 niet
531 4220 596 4286 quod
613 4220 739 4286 pulchrum
755 4230 781 4271 et
848 4222 887 4268 1³.
903 4222 982 4269 Scribe
999 4224 1036 4269 tui
1054 4225 1133 4285 gregia
1151 4223 1220 4276 lune.
1240 4238 1314 4271 unum
1331 4237 1371 4271 co·

219 4281 346 4333 hanutum
357 4292 402 4341 eet,
412 4287 502 4359 placet,
513 4288 584 4334 nunti
595 4283 728 4348 (sentiendi
738 4285 780 4351 ju·
813 4283 887 4333 ltortia
904 4293 952 4335 tuae
969 4285 1029 4350 jube
1046 4302 1098 4335 ease
1117 4285 1266 4350 Septimium.
1300 4286 1371 4341 Grex,

221 4344 365 4414 dicendique
375 4350 475 4413 tanoni)
486 4348 635 4415 respondeat,
646 4349 782 4425 dignusque
809 4348 863 4413 jam
874 4348 899 4397 in
910 4351 997 4398 bonam
1008 4358 1096 4415 partem
1104 4349 1241 4399 dehoneste
1249 4348 1372 4398 hominum

221 4410 261 4470 rit,
273 4428 346 4477 quem
357 4412 398 4463 ille
409 4413 440 4461 nd
454 4429 495 4463 eoa
511 4414 655 4478 quibuscum
672 4413 782 4464 rodomo
813 4413 937 4471 societate,
958 4414 989 4463 de
1008 4415 1104 4463 cohorte
1123 4414 1162 4463 vel
1183 4414 1316 4475 comitatu3
1338 4415 1372 4463 tie

222 4477 439 4541 euarereatur(ed
449 4477 617 4542 amicoaeuoa)
630 4476 735 4543 recipiat.
812 4477 878 4551 apud
894 4478 1036 4527 Ciceronem
1053 4480 1121 4527 Orat.
1133 4478 1159 4534 ii,
1171 4478 1212 4532 62,
1225 4486 1249 4527 et
1266 4477 1296 4526 ad
1314 4478 1372 4527 Div.

254 4542 312 4596 5,(5.
324 4541 782 4608 Munerepuumsnngipropiorieceruet
813 4540 855 4597 vri,
873 4544 914 4600 33,
931 4544 1016 4592 rodalca
1036 4550 1061 4592 et
1076 4544 1172 4607 equuleo
1189 4540 1303 4593 dicuutur
1318 4559 1372 4606 gre-

222 4607 304 4655 rniei:
322 4614 347 4656 et
364 4622 420 4655 cum
438 4623 505 4672 porro
521 4618 604 4665 censet,
621 4623 659 4655 me
676 4608 740 4672 apnd
758 4615 782 4657 te
812 4607 885 4669 galet.

215 4666 294 4733 sangi
311 4674 424 4733 propioris
446 4675 514 4720 amici
535 4687 637 4727 nuum,
658 4670 683 4720 h.
702 4686 724 4720 e.
744 4687 783 4721 me
