3659 5892
444 555 716 624 EPISTOLA
745 554 819 620 AD
853 552 1094 619 PISONES.
1278 551 1342 615 555

280 710 359 776 Non
374 713 478 797 quivis
492 710 582 775 videt
597 708 805 773 inmodulata
819 716 969 792 poemata
979 704 1096 790 judex,

281 813 329 878 Et
343 815 421 879 duta
435 814 592 879 Romanis
606 812 702 877 venia
714 821 766 875 est
780 809 914 894 indigna
927 806 1044 893 poetis

196 915 260 979 265
281 914 450 981 Idcircone
465 937 564 1000 vager
579 914 782 997 scribamque
794 910 940 988 licenter,
955 920 992 973 ut
1007 930 1118 973 omnes

280 1016 422 1081 Visuros
434 1027 570 1102 peccata
583 1024 696 1100 putem
709 1036 792 1090 mea,
809 1023 899 1077 tutus
914 1023 948 1076 et
963 1012 1048 1075 intra

282 1118 383 1203 Spem
396 1120 499 1183 veniae
514 1119 651 1183 caumsl
694 1114 806 1181 Vitari
821 1115 962 1197 denique
976 1112 1115 1197 culpam,

281 1219 361 1285 Non
375 1219 505 1285 laudem
519 1221 632 1284 merui.
678 1217 749 1282 Vos
763 1215 963 1301 exemplaria
977 1214 1098 1280 Graeca

282 1321 455 1386 Nocturna
468 1334 596 1386 versate
609 1342 717 1398 manu,
733 1328 860 1383 versate
876 1318 1004 1382 diurna.

197 1423 263 1488 270
283 1424 331 1486 At
345 1424 445 1487 vestri
456 1424 570 1506 proavi
585 1421 754 1487 Plautinos
770 1432 804 1486 et
817 1442 968 1485 numeros
984 1428 1018 1486 et

284 1523 475 1589 laudavere
491 1522 592 1601 sales3
616 1525 748 1588 nimium
762 1525 924 1608 patienter
938 1533 1122 1607 utrumque,

283 1625 337 1689 Ne
352 1624 458 1689 dicam
473 1623 582 1702 stulte,
596 1626 702 1689 mirati
716 1653 724 1704 ;
747 1626 775 1689 si
789 1626 887 1689 modo
901 1647 964 1710 ego
979 1636 1013 1691 ct
1027 1648 1085 1690 vos

285 1726 411 1791 Scimus
426 1727 620 1791 inurbanum
633 1726 743 1811 lepido
759 1748 916 1811 seponere
932 1726 1032 1804 dicto,

285 1827 546 1913 Legitimumque
562 1850 675 1893 sonum
690 1827 802 1913 digitis
816 1827 969 1892 callemus
984 1839 1018 1893 et
1032 1850 1123 1894 aure.

198 1931 265 1993 275
329 1930 481 2013 Ignotum
495 1930 629 2015 tragice
643 1952 746 2013 genus
761 1929 921 1994 invenisse
937 1929 1103 1995 Camoenae

287 2030 430 2109 Dicitur,
446 2042 479 2095 et
493 2031 647 2117 plaustris
662 2032 791 2095 vexisse
805 2041 956 2115 poemata
970 2029 1127 2117 Thespis,

285 2133 372 2206 Quae
386 2144 539 2199 canerent
554 2143 753 2220 agerentque
765 2133 916 2217 peruncti
930 2131 1065 2198 faecibus
1079 2154 1147 2198 ors.

199 2300 263 2349 cium
271 2310 297 2351 et
305 2302 411 2351 Ennium
420 2303 505 2367 carpit,
513 2302 579 2369 quod
588 2311 758 2353 neutersorum
788 2301 887 2353 virtutes
908 2317 969 2367 quas
991 2304 1068 2353 honus
1085 2301 1184 2368 scriptor
1199 2302 1284 2352 sectari
1305 2301 1349 2353 de·

199 2365 272 2414 iambi
285 2367 311 2414 in
322 2366 428 2415 secunda
441 2374 579 2432 autquarta
588 2366 644 2416 mdo
654 2365 759 2432 ponendi
789 2366 839 2415 het.

199 2429 315 2478 rationem
331 2431 456 2479 hahuerit:
480 2432 530 2487 bic,
552 2432 594 2489 ait,
617 2431 712 2480 iambus
731 2430 758 2478 in
821 2431 879 2480 271.
897 2427 1349 2505 Nimiumpstiertsr,nimisindulgsn-

199 2493 306 2542 secunda
323 2503 346 2543 et
363 2504 449 2558 quarta
466 2495 522 2545 sede
541 2510 593 2543 raro
609 2502 634 2543 et
650 2494 676 2543 in
688 2494 760 2544 Accii
791 2502 835 2544 ter.
868 2494 982 2544 Horatius
999 2495 1086 2560 passim
1097 2494 1174 2559 tangit
1184 2493 1265 2543 Plauti
1275 2495 1347 2543 vitia:

199 2558 310 2606 trimetris
327 2558 454 2617 invenitur,
465 2559 576 2624 idemque
592 2558 666 2607 Ennii
683 2559 757 2609 versi·
789 2573 843 2625 sup.
853 2559 931 2625 Epist.
939 2558 965 2617 ii,
980 2560 1003 2614 1,
1015 2560 1056 2616 68,
1068 2558 1164 2607 nimiam
1175 2557 1350 2607 festinationem

198 2621 255 2678 hus,
266 2622 324 2686 quia
338 2638 368 2672 ex
380 2622 419 2681 iis,
431 2624 588 2689 spondeomm
603 2622 706 2689 pondere
721 2623 758 2671 la·
790 2623 813 2672 ei
822 2638 853 2671 ex
870 2624 962 2671 rebrat:
980 2623 1012 2671 cl.
1023 2637 1077 2687 sup.
1088 2624 1114 2670 in
1124 2623 1170 2671 hac
1185 2620 1263 2687 Epist.
1274 2637 1297 2670 r.
1309 2625 1351 2673 54.

199 2686 346 2743 horrentibus,
357 2688 444 2753 pariter
453 2688 556 2744 exsulat,
567 2696 610 2736 aut
622 2687 702 2737 nimie
714 2687 759 2736 les·
822 2639 881 2735 273.
896 2688 923 2735 st
939 2690 1001 2735 modo
1016 2702 1057 2751 ego
1073 2697 1095 2735 et
1114 2703 1159 2743 ros,
1180 2686 1212 2734 sit
1230 2687 1265 2735 ita
1283 2702 1350 2743 sane,

200 2749 323 2799 unedonis
330 2767 358 2800 uc
370 2752 530 2816 negligentias,
540 2760 583 2801 aut
591 2751 648 2800 artis
659 2752 759 2817 poetica
789 2750 918 2800 dnmmodo
928 2766 972 2814 ego
982 2758 1006 2800 et
1016 2766 1068 2807 vos,
1079 2750 1189 2808 Pisones,
1198 2749 1352 2799 didicerimus

198 2820 291 2887 turpem
305 2815 401 2881 eulpam
415 2816 542 2865 contraxit.
575 2816 688 2865 ceterum
707 2817 759 2864 Ho·
790 2813 870 2880 lepida
880 2815 1005 2881 sejungere
1019 2825 1044 2863 et
1053 2814 1185 2865 discernere
1196 2816 1226 2863 ab
1237 2814 1352 2880 illepidis.

201 2886 278 2927 ratms
295 2879 454 2945 spondeomm
499 2879 561 2929 ndns
571 2894 640 2928 versu
652 2881 702 2929 260
710 2879 761 2991 tqiu
823 2880 881 2928 274.
908 2880 1092 2943 legitimumque
1117 2896 1205 2935 sonum,
1233 2877 1352 2943 legitimos

198 2956 289 2990 mrem
309 2946 394 3001 missos,
415 2952 472 2993 cett.
490 2980 496 3000 ,
513 2960 543 2993 ex
560 2944 631 2993 meris
649 2944 763 3009 sponsis
792 2959 904 2993 numeros
923 2954 948 2993 et
970 2942 1051 3009 pedes.
1090 2944 1179 3009 Digitis
1200 2944 1307 2991 callemus
1329 2954 1352 2993 st

200 3007 340 3071 composito,
360 3016 388 3057 ut
403 3008 521 3072 Virgilius
536 3009 562 3056 in
579 3006 702 3056 notissimo
718 3006 761 3055 illo
792 3024 864 3057 oure.-
882 3007 925 3073 qui
942 3023 1024 3057 versus
1039 3006 1139 3064 faciunt,
1159 3016 1207 3056 tam
1224 3006 1310 3071 digitos
1327 3007 1353 3056 in

202 3084 280 3126 versu,
299 3072 341 3119 Illi
359 3075 422 3121 inter
431 3088 475 3121 sese
485 3090 570 3137 mogus
580 3074 605 3120 oi
612 3074 705 3121 boelis
716 3073 760 3119 tol-
793 3071 945 3121 numerandis
954 3080 978 3121 st
986 3071 1117 3137 jungendis
1126 3070 1227 3137 pedihus
1238 3072 1264 3120 in
1275 3080 1353 3137 partes

204 3135 265 3191 lant,
276 3136 369 3199 egregie
379 3137 502 3224 expressit.
791 3145 886 3192 meant,
898 3151 971 3200 quam
982 3152 1051 3185 aures
1060 3136 1196 3185 consulunt.

234 3201 373 3249 263-268.
391 3201 443 3248 llos
458 3203 542 3263 quivis,
552 3207 610 3249 cett.
624 3199 664 3248 bic
682 3199 759 3256 locus,
823 3201 962 3250 275-294.
978 3202 1129 3265 Preceptum
1147 3200 1273 3248 Decimum
1293 3202 1353 3251 Sex-

204 3263 246 3326 qni
261 3262 331 3312 ualde
347 3264 442 3313 seravit
459 3271 484 3313 et
499 3264 605 3313 exercuit
615 3264 761 3329 interpretes,
794 3272 862 3313 tum:
882 3265 941 3312 Com
958 3267 1078 3327 scriptores
1096 3265 1203 3319 Romam,
1218 3268 1258 3327 qni
1269 3282 1354 3315 insumo

202 3327 301 3375 mutatis
318 3327 518 3384 distinctionibus,
532 3328 593 3377 hene
609 3327 668 3376 mibi
684 3328 762 3376 cohe—
793 3331 871 3376 studio
882 3328 980 3384 Grecos,
991 3330 1108 3392 trogodie
1119 3331 1255 3385 lucratores,
1268 3332 1354 3380 imitati

203 3405 255 3439 rere
275 3391 369 3440 videtur
388 3391 440 3441 sic:
466 3393 552 3441 “Non
569 3392 648 3457 quivis
666 3391 762 3455 quidem
786 3396 841 3454 jors
851 3394 1026 3441 resdcmesticas
1041 3394 1067 3439 in
1082 3408 1148 3440 resim
1158 3394 1272 3441 celebrare
1283 3410 1353 3455 oupe-

201 3453 285 3519 judex,
313 3463 342 3503 ut
370 3456 442 3520 probe
469 3456 528 3513 scio,
554 3456 763 3504 immodulntorum
794 3466 859 3511 rent,
875 3458 1003 3505 incidet-eut
1021 3459 1047 3504 iu
1064 3458 1147 3505 uitium
1162 3458 1354 3522 inmrturrglt·

203 3526 339 3631 uu
354 3519 623 3647 ruisset-rit
637 3518 763 3648 stit
791 3520 1109 3631 f
1138 3520 1354 3633 {titisse

203 3645 255 3694 dari
269 3646 378 3703 debebat,
397 3619 460 3696 data,
475 3656 512 3696 est
531 3601 650 3697 liburni
670 3648 761 3713 poetis;
791 3664 881 3711 pagare
890 3650 972 3703 uelint,
984 3650 1067 3695 uilium
1077 3602 1277 3714 illudfirgpsilmt,
1289 3602 1354 3711 pirric-

204 3710 246 3758 sed
262 3724 338 3773 egone
350 3710 404 3761 ideo
422 3711 525 3761 solutius
541 3720 565 3761 et
580 3712 692 3761 licentius
701 3712 761 3760 scri·
792 3715 850 3775 quid
859 3714 1354 3766 scritum,iutenriuirraeurastsurrsrodi-

204 3774 260 3822 ham
283 3777 365 3839 (tutus
391 3775 507 3840 scilicet),
532 3776 597 3841 quia,
627 3776 687 3841 (ut)
709 3775 766 3826 licet
797 3778 1357 3840 ligmtiuemendore,srpuliruuelimsrejuhst.

204 3838 382 3895 sciam,0mnes
398 3848 496 3905 peccata
511 3841 765 3897 mesrisurosessea
828 3841 886 3889 275.
912 3840 1021 3905 ignotum
1040 3842 1135 3903 tragice
1156 3856 1229 3914 gersus
1246 3843 1357 3890 invenisse

203 3904 384 3968 reprehensione
402 3913 476 3960 tutus,
491 3914 517 3955 et
530 3904 593 3953 intra
607 3905 680 3969 hujus
689 3904 765 3954 venire
797 3905 917 3960 comune,
929 3912 987 3953 cett.
1019 3904 1083 3953 Thes
1100 3904 1224 3970 ispnmus
1233 3903 1356 3969 scripsisse

203 3981 272 4031 spem
292 3969 406 4032 (euntia)
425 3968 521 4033 quietus
537 3979 563 4019 et
578 3984 675 4018 securus
693 3972 764 4017 sumt
796 3968 1036 4033 diciturtrugoedias;
1105 3968 1253 4033 Boettigerus
1262 3968 1287 4016 in
1297 3969 1356 4017 Pro-

205 4030 272 4089 Quid
289 4032 384 4081 tandem
401 4033 621 4096 effecil(culpour)
638 4033 762 4108 reprehen-
797 4031 843 4081 lus.
874 4033 938 4087 Quid
967 4037 997 4082 sit
1028 4035 1106 4081 docere
1117 4035 1236 4099 fabulum,
1264 4032 1357 4083 Vimar.

205 4096 296 4145 sionem
315 4096 396 4154 vitavi,
416 4112 464 4145 non
482 4096 578 4147 laudem
597 4096 700 4146 mem1.’¹
733 4098 764 4147 In
797 4098 869 4153 1795,
893 4113 918 4162 p.
939 4099 963 4153 6,
987 4096 1043 4145 artis
1064 4096 1201 4146 dramatieae
1230 4095 1299 4145 initia
1326 4098 1357 4146 ad

205 4174 274 4209 rersu
290 4162 339 4210 tor
354 4176 437 4210 vocem
454 4171 535 4209 coatus
550 4176 671 4227 perperam
689 4160 762 4210 inter·
794 4160 866 4227 longe
886 4161 1034 4211 remotiorem
1057 4176 1130 4227 quam
1152 4160 1278 4227 Thespidis
1300 4170 1357 4211 eta·

248 4231 283 4273 tes
301 4224 432 4299 explicant,
449 4225 490 4289 qui
506 4225 551 4273 sihi
564 4234 633 4274 cavet
650 4233 675 4274 et
687 4224 763 4291 provi·
796 4234 843 4276 torn
858 4226 939 4275 refert.

222 4290 652 4354 et,pmr1dus;immocoutusjam
667 4298 712 4348 est,
724 4289 765 4339 cui
828 4290 967 4339 trs-aru.
998 4290 1112 4337 Plaustris
1135 4291 1218 4336 verim
1240 4300 1358 4350 moreto.-

206 4362 304 4401 cautum
320 4362 345 4403 et
362 4354 483 4428 provisum
500 4363 545 4411 est,
559 4368 665 4411 securus,
681 4364 763 4404 tutus:
796 4372 845 4403 oon
861 4362 972 4420 poemma
990 4361 1083 4401 tantum
1100 4359 1125 4401 et
1146 4354 1196 4417 ipss
1214 4360 1284 4417 poeta
1302 4368 1358 4401 cum

205 4418 315 4482 exempla
340 4417 500 4467 Ciceroniana
520 4417 569 4466 vid.
587 4418 652 4483 apud
669 4421 764 4468 Emest.
797 4419 891 4483 aliquot
906 4418 1060 4466 histrionibus
1094 4415 1189 4464 laustris
1203 4430 1244 4481 per
1255 4416 1360 4481 compita

206 4479 233 4527 in
243 4480 314 4530 Clas.
322 4482 376 4531 Cic.
385 4497 405 4531 s.
413 4500 438 4531 r.
446 4484 549 4541 carim,-
558 4484 653 4531 Luean.
663 4483 695 4541 ir,
707 4486 764 4542 409,
797 4484 863 4532 urhis
874 4482 1015 4531 stvieorum
1025 4480 1085 4529 sebe
1117 4489 1172 4528 ntur
1180 4479 1242 4543 (rid.
1253 4481 1359 4545 Boettig.

206 4550 433 4596 routmubincursu
444 4549 508 4595 belli.
797 4547 823 4595 in
835 4546 917 4595 libello
929 4546 993 4595 laud.
1021 4543 1126 4603 .6),sed
1154 4544 1244 4593 laustm
1254 4560 1359 4609 quoque,

239 4611 298 4659 268.
317 4610 358 4658 Vos
368 4613 505 4672 exemplaris
518 4611 608 4665 Gracc,
619 4618 676 4659 cett.
693 4612 764 4667 'Vos,
796 4611 886 4677 quibus
904 4562 1095 4659 instemebantur
1115 4560 1213 4665 tabula,
1232 4616 1301 4657 eraut
1317 4624 1359 4673 pro

208 4672 317 4730 Pisones.
345 4675 420 4724 nolite
445 4690 475 4723 er
510 4673 622 4722 manibus
649 4674 680 4722 de
712 4690 766 4722 nere
796 4674 905 4739 pulpitis.
940 4674 1042 4721 Persona
1058 4673 1287 4736 pulloequelumsrte:
1308 4689 1360 4734 per·

208 4738 333 4805 scriptores
359 4739 468 4795 Gmcos,
496 4745 524 4787 ut
545 4739 575 4787 ah
596 4738 626 4786 iis
646 4738 679 4786 im
695 4738 766 4787 ibatis
797 4755 861 4797 soor,
877 4738 951 4794 larva,
969 4752 1024 4801 qua
1046 4737 1173 4804 opponitur
1194 4736 1360 4795 histrionibus,
