3659 5892
436 544 501 611 280
903 545 1127 613 EPODON

523 696 602 761 Neu
616 718 773 761 conversa
787 698 920 763 domum
934 699 1046 784 pigeat
1059 700 1139 765 dare
1152 698 1263 778 lintea,
1279 702 1413 785 quando

567 798 680 863 Padus
696 798 824 865 Matina
838 800 954 866 laverit
967 803 1146 881 cacumina,

523 899 564 966 In
577 923 666 966 mare
682 924 740 967 seu
755 901 861 968 celsus
876 905 1077 988 procurrerit
1091 902 1297 988 Apenninus,

459 1002 503 1067 30
567 1002 730 1090 Novoque
746 1015 890 1070 monstra
899 1005 1049 1089 junxerit
1062 1004 1198 1071 libidine

524 1105 632 1171 Mirus
648 1128 748 1185 amor,
758 1108 853 1192 juvet
867 1117 905 1172 ut
919 1108 1021 1192 tigres
1036 1108 1207 1173 subsidere
1221 1109 1336 1186 cervis,

566 1204 785 1274 Adulteretur
799 1220 833 1275 et
848 1209 999 1274 columba
1012 1209 1129 1289 miluo;

523 1307 667 1375 Credula
681 1332 741 1376 nec
754 1333 848 1376 ravos
864 1312 998 1376 timeant
1012 1323 1158 1378 armenta
1171 1311 1301 1393 leones;

566 1411 730 1497 Ametque
746 1412 831 1477 salsa
844 1412 934 1477 laevis
948 1413 1060 1479 hircus
1075 1436 1218 1499 oequora.

459 1511 503 1577 35
525 1512 619 1594 Hoec,
633 1526 667 1581 et
681 1539 755 1601 quae
769 1527 925 1601 poterunt
938 1516 1065 1581 reditus
1079 1516 1272 1582 abscindere
1286 1515 1410 1595 dulces,

570 1616 694 1683 Eamus
710 1619 813 1683 omnis
827 1628 999 1683 exsecrata
1013 1620 1138 1698 civitas,

524 1718 596 1784 Aut
611 1744 687 1806 pers
703 1720 835 1787 indocili
849 1719 963 1785 melior
976 1742 1096 1807 grege3
1118 1721 1223 1787 mollis
1237 1732 1272 1787 et
1285 1743 1405 1806 exspes

566 1821 749 1887 Inominata
762 1823 942 1907 perprimat
954 1822 1085 1888 cubilia.

525 1922 608 2003 Vos,
625 1928 744 2010 quibus
759 1936 811 1991 est
825 1926 940 2003 virtus,
956 1925 1146 1990 muliebrem
1161 1924 1265 1991 tollite
1279 1925 1414 2005 luctum,

458 2024 503 2087 40
568 2026 711 2092 Etrusca
725 2038 846 2113 praeter
860 2038 894 2093 et
910 2026 1015 2091 volate
1030 2026 1136 2092 litora.

436 2159 583 2216 emerserint,
601 2168 652 2209 tmn
672 2162 698 2211 in
718 2163 817 2227 patriam
835 2162 910 2213 redire
928 2163 998 2212 nobis
1030 2163 1108 2222 triam
1120 2178 1183 2229 que,
1193 2172 1222 2213 ut
1238 2162 1340 2212 Ovidius
1349 2178 1381 2213 es
1393 2164 1467 2213 Pont.
1480 2163 1497 2222 i,
1515 2164 1540 2223 ³,
1557 2166 1590 2213 85

438 2222 510 2271 liceat
526 2232 549 2273 et
566 2224 602 2273 ise
619 2225 659 2274 sit.
699 2228 747 2276 Pro
760 2227 814 2277 ferri
824 2242 998 2292 masse,quam
1030 2227 1145 2292 loquitur,
1172 2229 1294 2277 dekains
1319 2230 1419 2292 quodem
1445 2244 1485 2275 vos
1515 2239 1593 2291 coptos

438 2287 536 2362 l’hocei
547 2289 718 2365 jusjurandum
733 2300 873 2367 peragentes
891 2292 918 2341 in
933 2308 998 2366 mare
1030 2300 1103 2367 tenet.
1131 2293 1264 2349 limmate,
1274 2292 1431 2367 jurejurando
1444 2301 1588 2341 etexsecre·

438 2353 820 2475 lt::?.‘l.⁰¹¹.¹5.t'’.ltt¹'t
835 2366 1000 2485 2235.th
1029 2357 1592 2485 involumentum&

438 2494 489 2544 pro,
511 2481 536 2529 in
554 2483 631 2531 altum
653 2485 829 2542 resurrexerint,
851 2485 998 2535 emerserint.
1030 2484 1142 2534 mannuli
1158 2484 1250 2534 itineris
1264 2437 1357 2535 liberes
1368 2486 1471 2550 lugiens.
1499 2486 1591 2547 Faspss,

439 2544 551 2594 Ceterum
566 2547 766 2612 quemadmodum
777 2549 893 2599 Horatius
909 2550 935 2597 in
945 2566 997 2599 car·
1031 2550 1152 2615 abjectum
1162 2549 1270 2599 animum
1282 2549 1313 2598 ad
1324 2550 1427 2599 melioris
1442 2550 1512 2599 sortis
1523 2565 1591 2614 spem

438 2608 503 2659 mine
525 2611 673 2675 precedente
696 2631 719 2664 v.
741 2616 758 2663 6
779 2630 833 2679 sqq.
856 2614 999 2679 particulam
1030 2613 1096 2663 haud
1111 2615 1232 2663 attollens.
1264 2614 1396 2663 inominata
1405 2618 1534 2677 perpetrant
1548 2630 1591 2661 eu-

437 2690 522 2737 semper
534 2692 575 2741 per
592 2692 629 2726 res
639 2693 694 2741 quse
711 2687 795 2727 natura
813 2694 858 2728 sna
872 2678 918 2727 sibi
934 2694 996 2728 sem·
1028 2681 1096 2736 bilia,
1107 2680 1208 2743 pariter
1225 2695 1275 2745 pro,
1292 2678 1443 2745 inauspicato
1457 2679 1523 2728 domi
1538 2692 1591 2727 sns-

438 2742 999 2810 perconstant,itanuncparticulamnunquam
1030 2752 1096 2792 neat.

393 2835 398 2841 -
438 2818 480 2876 per
500 2819 537 2853 ree
559 2822 613 2918 que
633 2816 718 2856 natura
738 2824 782 2856 sua
799 2808 848 2857 fieri
867 2816 999 2872 nequeunt,
1064 2808 1171 2857 oe-m.
1188 2808 1326 2857 Muliebrem
1341 2810 1416 2856 tollite
1431 2808 1530 2863 luctum,
1546 2822 1590 2855 no·

437 2880 488 2916 sive
507 2884 549 2933 per
580 2869 686 2929 δύνατα,
706 2872 906 2937 circumscripsit5
923 2887 999 2936 quen·
1031 2872 1074 2921 lite
1096 2873 1141 2921 sub
1161 2870 1269 2921 discessu
1291 2888 1321 2922 es
1346 2871 1424 2937 putria
1445 2870 1593 2920 muliebriter

438 2946 511 2995 quam
530 2949 585 2982 eum
602 2935 626 2983 in
644 2936 674 2985 iis
690 2936 843 2985 cumulandis
860 2936 999 3001 juveniliter
1031 2935 1219 2991 nmeuurimed
1233 2936 1278 2985 viri
1294 2944 1378 2985 estote.
1411 2934 1534 2984 orationis
1549 2950 1592 2985 co·

438 2994 571 3049 luxuriatse
589 2998 686 3049 dixeris.
724 3000 777 3049 Neu
795 3004 883 3065 pigeat,
903 3008 929 3051 et
947 3010 999 3050 tum
1031 3001 1114 3058 lorem,
1142 3001 1280 3051 observante
1302 2998 1501 3055 Mitscherlichio,
1522 2998 1592 3048 duxit

437 3060 541 3124 placeat.
581 3064 694 3113 Conversa
721 3066 793 3113 linteo
819 3068 909 3113 domum
933 3067 999 3123 dure,
1032 3065 1146 3114 Horatius
1166 3080 1196 3114 es
1217 3064 1362 3114 Archilocho
1382 3065 1422 3128 (in
1439 3064 1508 3111 Stob.
1527 3063 1592 3112 Flos.

437 3124 535 3174 domurn
547 3127 691 3191 renavigare.
711 3130 800 3188 Padus,
813 3128 928 3178 citerioris
937 3129 999 3178 Gal·
1032 3130 1104 3180 Grot.
1114 3147 1142 3211 p.
1160 3131 1233 3196 ota),
1250 3132 1325 3190 τλῆτε
1340 3129 1485 3194 γυναικεῖον
1501 3126 1593 3187 risile(

438 3188 477 3237 lie
489 3190 582 3250 fluvius,
596 3193 689 3241 Morino
706 3196 788 3242 laverit
804 3196 999 3252 oocumivo‚rnu·
1032 3195 1201 3259 ἀπωσαμενοι.
1228 3195 1328 3242 Etrusco
1337 3204 1422 3256 preter
1436 3202 1459 3242 et
1472 3194 1546 3240 volate
1560 3194 1592 3241 ii-

438 3260 488 3303 tato
505 3270 576 3305 cursu
595 3257 692 3315 Matini,
712 3256 831 3307 Calabriae
849 3257 947 3314 montis,
962 3258 999 3307 sl·
1031 3268 1091 3316 toro,
1103 3258 1174 3308 celeri
1190 3274 1261 3308 cursu
1275 3258 1498 3323 mareTyrrheuum
1513 3263 1592 3305 uano

439 3316 511 3367 luerit
525 3328 549 3369 et
562 3322 706 3386 superaverit
716 3322 850 3371 cacumine.
878 3322 933 3378 Seu,
948 3322 1000 3373 sive
1032 3323 1094 3372 vecti
1115 3324 1238 3372 Oceanum
1261 3337 1344 3371 venus
1362 3321 1487 3385 navigate:
1516 3322 1594 3369 volem

438 3383 544 3445 quando.
583 3390 727 3448 Apenninus,
745 3402 815 3436 mons
833 3385 905 3449 longo
922 3396 1000 3437 tractu
1031 3386 1062 3437 de
1080 3386 1152 3437 celeri
1170 3402 1251 3445 cursu,
1276 3403 1331 3452 sup.
1355 3386 1437 3435 cerm.
1454 3385 1487 3442 iv,
1506 3387 1531 3442 5,
1552 3386 1592 3444 19,

437 3461 480 3511 per
496 3449 592 3498 ltaliam
609 3460 739 3516 porrectus.
773 3454 843 3499 Amor
861 3454 943 3508 minu,
961 3452 998 3501 in·
1033 3452 1146 3500 Pacatum
1162 3454 1261 3501 votitmu
1274 3452 1498 3513 pernecessariis:
1514 3448 1592 3499 chad

438 3511 543 3562 auditne.
576 3515 682 3563 lilonstro
691 3519 802 3580 junxerit
818 3533 876 3564 novo
894 3518 999 3573 libidine,
1032 3516 1124 3564 Catull.
1135 3516 1169 3573 iv,
1181 3519 1206 3565 5.
1232 3516 1279 3564 Nos
1289 3524 1365 3564 menet
1377 3516 1481 3563 Oceanus
1491 3516 1591 3563 circuer-

437 3574 538 3626 diversae
561 3588 651 3629 nature
673 3580 795 3636 animalis,
820 3596 881 3628 novo
907 3580 937 3629 iis
958 3596 1000 3647 per
1031 3582 1121 3645 vagus!
1139 3598 1206 3629 orvs.
1239 3577 1460 3635 Mitecherlichius‚·
1473 3576 1516 3643 qui
1534 3595 1593 3627 orus

437 3641 580 3692 miraculum
592 3643 714 3708 quoddam
730 3644 998 3709 inpositiscentum
1029 3660 1085 3693 cum
1100 3647 1260 3709 circumvagos
1274 3642 1364 3708 jungit,
1380 3643 1445 3691 hunc
1462 3642 1542 3691 locum
1558 3641 1593 3690 its

437 3706 525 3754 coitum
547 3708 719 3758 stimulaverit:
746 3720 783 3765 ut,
804 3708 846 3766 ila,
867 3716 908 3773 qt:
934 3726 998 3757 mov·
1029 3708 1147 3759 exlicat:
1167 3716 1244 3773 “qua
1257 3723 1315 3757 arra
1330 3707 1413 3763 ambit,
1430 3706 1537 3771 adeoque
1553 3706 1591 3754 iu-

436 3780 486 3818 stro
500 3769 677 3835 jamdicuntur
689 3773 812 3829 animalia,
825 3764 998 3841 qubpmdigiv
1030 3726 1141 3821 enimin
1158 3774 1258 3821 Oceano
1276 3772 1343 3829 sitas,
1364 3788 1406 3837 pro
1427 3771 1529 3835 vulgari,
1549 3786 1594 3819 nos

391 3830 395 3841 '
436 3835 540 3897 quodam
559 3836 631 3885 aliam
649 3846 757 3887 naturam
774 3837 884 3887 induunt.
918 3838 997 3886 vasi·
1030 3846 1128 3887 manent
1145 3853 1203 3886 arva
1219 3839 1319 3888 Oceano
1337 3834 1505 3885 circumflua.”
1527 3836 1593 3884 Mihi

436 3901 497 3957 dere,
509 3914 534 3948 se
546 3901 693 3959 submittere,
708 3902 795 3967 subjici
805 3900 921 3950 maribus.
948 3903 998 3951 Lu·
1030 3900 1126 3965 quidem
1136 3902 1227 3951 locutio
1238 3905 1397 3965 circumvagos
1407 3917 1474 3955 oros,
1487 3916 1538 3965 pro,
1548 3916 1589 3948 va·

436 3964 997 4024 eret.iv‚1191‚Neervtv'vvvevltavvlueres,
1030 3981 1076 4030 gua
1093 3969 1183 4015 circum
1202 3981 1268 4023 arva,
1288 3964 1416 4014 durissima
1434 3964 1543 4022 videtum
1565 3972 1594 4013 ut

436 4038 539 4075 omevta
548 4025 662 4093 seroque,
676 4030 707 4077 Et
722 4032 818 4091 pecudes
833 4040 855 4077 et
872 4045 933 4092 eque
947 4048 996 4078 vso·
1031 4030 1092 4079 nihil
1110 4031 1200 4091 dicam,
1220 4039 1269 4080 tam
1289 4029 1338 4078 vim
1360 4027 1507 4093 repetitionis
1527 4027 1594 4077 heato

435 4092 499 4139 ribm
518 4095 633 4143 subsidm
650 4104 747 4157 porum.
786 4095 942 4143 Adulteretur
959 4112 996 4143 eo·
1029 4112 1096 4151 srva,
1118 4110 1192 4161 quem
1214 4094 1329 4143 orationis
1356 4092 1495 4158 grevitmem
1520 4100 1594 4166 atque

437 4156 513 4204 lumba
531 4159 616 4205 miluo:
642 4157 928 4223 Cl.lllitsch.comparet
945 4159 996 4207 Lu·
1030 4174 1118 4208 nexum
1135 4160 1220 4224 perire,
1238 4159 1259 4207 si
1277 4176 1334 4206 arva
1352 4157 1429 4225 priore
1445 4157 1499 4206 loco
1567 4164 1595 4205 ta

435 4218 499 4267 cian.
517 4238 561 4269 nn.
575 4220 632 4279 xxii,
652 4224 674 4279 1,
695 4221 786 4288 τράγος
802 4222 909 4288 μοιχεύει
927 4224 954 4271 ol
971 4242 997 4273 a.
1029 4222 1061 4270 ed
1078 4227 1238 4287 circumvagos
1256 4223 1381 4272 reseratur.
1411 4172 1593 4286 Sophliili,

437 4284 547 4341 Credula,
558 4284 588 4334 de
599 4286 726 4336 securitate
741 4302 785 4336 sua
795 4302 918 4361 persuasa.
946 4242 996 4335 lio·
1028 4288 1127 4344 rivmiva
1149 4288 1195 4336 sim
1212 4286 1289 4337 liciter
1311 4286 1427 4335 dicuntur
1447 4302 1525 4349 vago3
1549 4300 1594 4333 cur

434 4364 486 4397 vos:
508 4349 639 4415 explicant,
656 4351 719 4400 ravis
738 4351 814 4400 oculis
832 4352 995 4411 truculentos3
1029 4367 1077 4399 non
1089 4306 1211 4416 nequead

435 4413 477 4462 sed
495 4414 527 4462 cl.
547 4414 577 4463 ad
595 4414 629 4471 iii,
646 4416 688 4472 27,
708 4417 733 4464 3.
767 4417 854 4464 Hircut
874 4418 944 4472 Mons,
965 4433 997 4465 ex
1027 4416 1103 4481 possit
1123 4418 1300 4479 circumvagos?
1323 4415 1349 4463 h.
1367 4430 1390 4462 e.
1410 4414 1458 4462 late
1479 4412 1593 4471 diffusus,

435 4477 501 4527 hirco
519 4479 591 4544 piscis
608 4478 683 4529 instar
700 4480 767 4529 levis
784 4480 876 4529 iactus:
897 4496 995 4545 compa·
1027 4496 1117 4543 vagans
1130 4481 1222 4529 circum
1235 4489 1310 4529 terras
1320 4487 1344 4528 et
1356 4478 1458 4527 insulas.
1485 4479 1589 4526 Sensus:

434 4552 487 4592 rant
498 4543 638 4595 Archiloch.
650 4544 721 4603 xvii
734 4560 788 4609 sqq.
802 4543 903 4593 Anthol.
914 4544 996 4594 Grec.
1028 4553 1094 4593 trans
1115 4546 1241 4593 Oceanum
1264 4544 1454 4606 circumvagam,
1477 4542 1521 4607 qui
1548 4556 1593 4589 nas

434 4608 464 4655 T.
478 4608 494 4664 i,
508 4623 531 4672 p.
543 4610 585 4656 44.
1027 4618 1108 4659 manet
1124 4609 1280 4674 superandus,
1292 4616 1402 4674 petamus
1415 4622 1481 4661 arva,
1492 4614 1518 4655 et
1535 4604 1591 4669 qni-

466 4674 571 4722 35-38.
592 4673 738 4730 discindere,
755 4672 902 4747 abrumpere,
920 4672 994 4721 inter·
1026 4672 1082 4721 dem
1103 4674 1173 4721 beata
1191 4688 1248 4721 arva
1266 4680 1292 4721 et
1308 4671 1395 4719 divites
1412 4670 1514 4719 insulas.
1551 4668 1593 4718 Sic

433 4736 539 4785 cludere.
574 4738 671 4785 Reditus
690 4740 776 4795 (iubes,
797 4735 886 4785 reditus
906 4737 932 4785 in
951 4752 994 4802 pe·
1028 4736 1078 4786 iere
1096 4737 1159 4804 apud
1178 4738 1248 4802 Virg.
1269 4738 1330 4785 AEn.
1348 4735 1388 4794 vii,
1406 4736 1464 4793 225,
1486 4734 1593 4783 Oceanus

1214 4368 1263 4401 rem
1276 4352 1380 4399 Oceanus
1393 4350 1534 4415 simpliciter
1545 4347 1595 4398 dici
