3659 5892
670 548 836 617 LIBER
858 550 903 632 11,
919 552 952 617 2.
1325 544 1391 612 365

323 702 494 785 Rusticus,
510 702 674 769 abnormis
690 704 832 790 sapiens,
849 724 1024 787 crassoque
1039 699 1216 786 Minerva)

323 806 464 884 Discite,
480 826 546 871 non
560 805 646 870 iuter
658 804 768 873 lances
783 828 978 895 mensasque
992 806 1146 883 nitentes,

273 910 295 973 5
328 908 443 983 Quum
457 915 568 993 stupet
582 902 704 973 insanis
719 910 806 975 acies
821 908 1016 994 fulgoribus,
1031 917 1066 972 et
1077 928 1178 992 quum

323 1008 474 1075 Adclinis
489 1008 579 1075 falsis
595 1012 721 1075 animus
736 1010 869 1076 meliora
883 1018 1031 1089 recusat3

323 1112 450 1177 Verum
462 1110 517 1177 hio
531 1112 687 1197 impransi
700 1134 827 1178 mecum
842 1112 1025 1197 disquirite.
1071 1112 1140 1177 Cur
1153 1113 1239 1178 hoc?

324 1212 454 1292 Dicam,
471 1215 499 1279 si
513 1224 640 1299 potero.
686 1213 777 1279 Male
791 1236 904 1280 verum
918 1214 1083 1279 examinat
1098 1214 1202 1279 omnis

325 1316 509 1402 Corruptus
520 1317 636 1403 judex.
683 1316 848 1403 Leporem
863 1325 1019 1394 sectatus,
1034 1338 1160 1400 equove
1278 1297 1284 1313 ’

263 1420 303 1484 10
324 1419 450 1485 Lassus
465 1421 508 1487 ab
523 1420 692 1498 indomito,
708 1418 771 1498 vel,
788 1419 816 1484 si
832 1418 983 1484 Romana
996 1416 1113 1503 fatigat

325 1521 447 1587 Militis
462 1522 635 1588 adsuetum
650 1521 799 1587 Graecari
815 1520 886 1605 (seu
901 1520 970 1606 pila
985 1520 1093 1598 velox,

325 1624 471 1690 Molliter
486 1634 652 1691 austerum
668 1624 777 1689 studio
792 1622 925 1689 fallente
939 1622 1096 1700 laborem,

327 1726 395 1793 Seu
409 1738 442 1793 te
456 1728 566 1793 discus
579 1728 658 1813 agit,
674 1737 751 1812 pete
766 1718 938 1792 cedentein
950 1747 1027 1791 sera
1040 1724 1157 1809 disco),

327 1830 440 1905 Quum
454 1830 547 1896 labor
561 1830 728 1895 extuderit
743 1828 886 1906 fastidis,
902 1829 1020 1905 siccus,
1036 1827 1153 1904 inanis,

266 1933 305 1997 15
328 1932 454 2018 Sperne
469 1934 579 1998 cibum
593 1931 709 2010 vilem3
732 1931 795 1997 nisi
811 1930 981 2017 Hymettia
993 1928 1091 1993 mella
1103 1926 1244 1994 Falerno

242 2082 347 2151 minibus
357 2110 400 2153 sut
409 2102 530 2155 luxuriose
538 2100 683 2161 viventibus,
694 2109 801 2153 antara·
833 2109 969 2169 corruptus,
994 2099 1058 2149 susle
1079 2097 1202 2151 tentatam
1223 2108 1395 2177 pencrutatur.

242 2166 283 2223 ris,
295 2168 392 2217 uberius
447 2176 473 2217 ta
486 2168 647 2234 adprecepta
663 2166 802 2217 msticicu·
834 2168 877 2231 (Is
892 2164 1052 2230 tantum,qui
1066 2164 1117 2215 sitit
1131 2174 1158 2214 et
1173 2175 1257 2223 esunt,
1270 2181 1319 2215 non
1335 2182 1394 2217 con-

240 2230 339 2299 jusdem
353 2184 519 2299 prudedtioris,
531 2232 615 2291 Ofelli,
627 2232 653 2281 in
668 2232 714 2281 hac
730 2232 803 2283 satira
833 2232 920 2281 temnit
939 2229 1051 2295 salgues
1072 2230 1163 2293 cibos.)
1204 2230 1299 2291 Quodsi
1321 2230 1395 2295 igitur

243 2296 322 2345 docet.
835 2304 878 2345 aut
890 2295 1001 2345 renmdo
1014 2302 1057 2343 aut
1065 2294 1205 2359 equitando,
1217 2294 1265 2353 vel,
1277 2295 1298 2344 si
1315 2297 1394 2361 magis

277 2362 300 2409 l.
319 2360 375 2415 Qus
393 2364 476 2420 virtus,
496 2369 555 2411 cett.
588 2374 689 2411 sensus:
713 2368 804 2425 quante
835 2360 880 2409 tibi
897 2360 994 2426 placent
1009 2359 1113 2423 pueriles
1129 2361 1268 2409 (trecorum
1278 2361 1395 2410 exercite·

243 2423 277 2473 sit
285 2440 376 2483 sonam,
404 2424 429 2473 ui
443 2424 803 2501 peueiscoutontivivunt,vir·
835 2424 921 2482 doum,
941 2434 984 2473 sut
1019 2424 1077 2473 ilsm
1099 2433 1143 2473 sut
1160 2423 1254 2473 discum
1271 2424 1395 2488 jaciendo,

242 2496 283 2537 tus
300 2498 372 2555 atque
388 2440 501 2547 lelicrtas,
514 2490 538 2539 id
553 2504 568 2539 s
582 2489 688 2556 sapiente
702 2489 802 2547 rustico,
834 2488 932 2539 fastidis
941 2504 1006 2554 erpo
1029 2488 1070 2545 ris,
1081 2496 1132 2537 tuns
1143 2487 1227 2539 sitiens
1239 2490 1394 2554 esuriensque

244 2553 334 2611 Ofello,
345 2552 447 2615 discite;
462 2562 487 2604 et
502 2554 527 2603 in
544 2554 619 2620 hujus
635 2553 669 2602 rei
681 2554 803 2603 veritatem
835 2570 884 2603 uon
896 2568 993 2619 spernes
1009 2553 1081 2602 vilem
1097 2553 1195 2613 cibum3
1214 2568 1262 2601 nou
1281 2554 1395 2613 mulsum,

244 2634 293 2667 non
314 2618 376 2668 inter
396 2618 464 2667 latas
485 2618 578 2685 epulas,
598 2618 686 2683 quibus
708 2618 803 2667 animus
835 2634 884 2667 non
901 2618 980 2684 pisces
999 2626 1106 2682 appetas,
1123 2616 1165 2667 sed
1184 2618 1254 2684 panis
1271 2632 1328 2667 eum
1344 2619 1396 2669 sale

243 2682 313 2733 tacite
323 2682 349 2731 in
365 2682 471 2733 fraudem
482 2683 612 2742 inducitur,
629 2682 673 2731 sed
690 2682 804 2748 impransi
835 2683 895 2732 bene
906 2682 951 2731 tibi
962 2681 1047 2747 sapiet.

244 2762 338 2797 mecum
357 2746 479 2813 inquirite.
520 2748 609 2803 Virtus,
626 2746 656 2795 de
675 2746 801 2812 sapientia,
867 2749 892 2797 9.
909 2748 1137 2810 laeporessseetotus,
1147 2761 1245 2810 equuus:
1255 2745 1360 2795 venandi
1371 2755 1397 2797 et

244 2810 802 2939 tlttffltittaesttt'ttttttt:
834 2808 1146 2925 .“ttt.t⁰t·t.‘litt
1167 2808 1397 2925 :tinette

244 2944 312 2999 simi,-
326 2892 432 3007 salella
449 2908 521 3015 poeta
534 2892 634 2991 leiitores
652 2941 689 2989 sel
704 2911 801 2999 rimicos,
834 2948 859 2990 et
876 2940 1065 2995 exercitstiones.
1084 2909 1207 3005 quibuisc
1264 2955 1290 2989 ra
1307 2940 1339 2989 sd
1358 2940 1395 2990 ls-

245 3004 804 3134 qlimilffiliillllllilillllmll.
837 3005 906 3119 lt?
914 3004 1032 3118 lilii?
1047 3003 1162 3134 iffi
1171 3014 1395 3122 ttff'tt‘t

261 3150 295 3183 ue
314 3134 364 3192 elii,
387 3152 461 3199 pem,
483 3150 556 3201 quam
577 3134 704 3184 lectionem
725 3140 805 3184 tuetur
837 3132 1165 3199 Romanisspriscspueros
1174 3131 1396 3186 educandiratioue

273 3197 339 3250 sind.
837 3197 995 3263 degeneretis,
1012 3199 1093 3247 Nescit
1108 3201 1241 3261 equonsdis
1251 3198 1346 3248 Haerere
1357 3204 1395 3249 in-

280 3264 305 3311 a.
322 3265 443 3313 Abnorms's
457 3266 556 3326 sapiens,
567 3263 593 3312 h.
604 3278 627 3311 e.
638 3261 804 3331 philosophus,
834 3280 927 3328 genuus
950 3278 1018 3325 puer,
1043 3262 1173 3325 Venerique
1197 3265 1272 3311 sisset.
1314 3264 1396 3315 Locus

246 3326 290 3393 qni
301 3327 362 3377 nulli
380 3342 477 3385 norrun,
495 3328 519 3377 b.
535 3344 558 3378 e.
575 3327 637 3376 nulli
652 3327 804 3395 philosopho·
836 3328 954 3377 classicus
974 3326 1006 3376 de
1026 3326 1160 3376 venenosis
1183 3325 1247 3392 spud
1271 3326 1397 3379 Romam

246 3408 301 3441 rum
311 3392 446 3467 discipline
462 3392 534 3441 unios
550 3390 734 3458 addictissimo
749 3408 805 3458 quse
838 3391 998 3456 laudentque
1014 3390 1104 3440 honore
1121 3401 1159 3440 ess
1174 3389 1220 3441 inl.
1232 3392 1312 3458 Epist.
1323 3392 1340 3448 i,
1355 3396 1395 3451 le,

246 3456 512 3521 rerasssuutsnvsstipst,
523 3454 708 3516 αὐτοδίδακτος.
735 3458 805 3507 Oros·
837 3458 879 3513 ⁴9,
896 3458 1006 3505 Rosunis
1019 3457 1117 3504 solsmm
1131 3457 1189 3503 viris
1205 3472 1270 3519 opus,
1286 3458 1395 3523 utilesc-

246 3536 316 3585 saque
333 3522 450 3579 Miner-ou,
466 3536 515 3571 non
546 3520 696 3588 hilosophica
711 3522 806 3571 subtili·
838 3538 887 3579 nse,
901 3520 1226 3584 Visaeqsussmmtrtmest.

249 3592 306 3643 tate,
318 3586 360 3635 sed
370 3585 461 3635 mistice
469 3538 630 3651 simplicitate,
641 3600 690 3635 non
705 3600 735 3636 ex
749 3586 807 3636 artis
873 3586 912 3642 10,
926 3587 967 3633 ll.
982 3584 1009 3633 Si
1020 3583 1232 3649 Romuosuts'got,
1242 3592 1301 3634 cett.
1311 3586 1332 3635 ei
1344 3586 1396 3637 hnc

249 3648 566 3715 praceptimedsinearts.
838 3648 948 3701 militaris
957 3650 1122 3697 Romanorum
1129 3647 1191 3697 sires
1200 3650 1328 3700 exercendi
1338 3652 1398 3703 ratio

282 3715 307 3762 4.
336 3714 450 3772 lt's'tentes,
469 3715 573 3779 poculis,
595 3713 657 3763 rasis
680 3715 807 3779 agaunis,
839 3714 940 3765 molesta
953 3712 1054 3768 esttibi,
1066 3711 1165 3763 ludicris
1179 3712 1318 3763 Graecorum
1329 3730 1395 3765 eses-

250 3784 309 3827 cett.
838 3777 995 3827 citationibus
1015 3786 1130 3838 assueto3
1158 3776 1263 3827 Gremri
1282 3779 1396 3840 (illevi-

283 3844 308 3905 5,
325 3842 426 3900 lusson,
445 3842 565 3893 retulerim
583 3842 615 3891 sd
631 3842 749 3893 insaniem
764 3844 807 3893 ho·
839 3843 913 3907 ζειν),
929 3842 1070 3892 Grecorusn
1082 3856 1148 3891 more
1157 3841 1214 3907 pile
1224 3850 1249 3891 et
1258 3842 1319 3892 disci
1328 3843 1397 3908 jectu

358 3922 796 4039 ...a
839 3907 963 4021 mt
977 3924 1389 4045 (a...

253 4035 332 4101 piunt.
836 4039 974 4101 jungeete
1007 4035 1160 4101 lica,vel(sr
1169 4036 1246 4086 masis
1263 4036 1396 4099 Graecnrs'),

284 4099 807 4164 7.1mpramt,noainermagnitcaseu-
839 4098 888 4150 siise
911 4100 968 4166 pile
997 4114 1056 4149 usus
1074 4100 1118 4149 tibi
1137 4103 1214 4164 magis
1235 4101 1324 4167 placet,
1347 4103 1398 4168 pila

251 4163 297 4214 las.
331 4166 382 4213 Cur
399 4168 456 4214 isset
471 4180 515 4213 cur
532 4181 580 4215 non
596 4165 658 4214 inter
669 4118 808 4231 megntdias
839 4165 906 4223 lude,
915 4165 966 4215 sive
973 4164 1082 4230 megisto
1092 4164 1197 4214 delectat
1205 4165 1295 4221 discus,
1303 4166 1397 4217 discum

251 4228 353 4295 epulsst
836 4232 902 4297 jace,
913 4238 974 4285 tum,
985 4244 1041 4278 eum
1056 4229 1096 4278 hic
1111 4230 1180 4278 labor
1191 4229 1313 4279 fastidium
1323 4246 1338 4280 e
1348 4240 1397 4281 sto-

285 4295 375 4343 e-le.
393 4292 453 4342 Loci
463 4293 583 4359 sequentis
594 4300 713 4344 stmcturs
723 4302 748 4345 et
757 4312 808 4345 rer·
838 4295 926 4345 mecho
935 4293 1062 4359 expulerit,
1072 4293 1156 4343 sitiens
1165 4295 1320 4359 moriensque
1329 4309 1396 4361 sper-

252 4358 336 4408 borum
364 4358 480 4423 junctura
510 4357 601 4407 ridetur
626 4358 703 4422 prima
728 4360 808 4425 specie
838 4377 877 4418 ue,
891 4359 912 4407 si
922 4368 997 4424 potes,
1006 4358 1080 4408 rilem
1094 4359 1184 4416 cibum,
1199 4358 1225 4407 h.
1236 4375 1259 4408 e.
1271 4374 1319 4407 non
1330 4376 1396 4425 sper-

252 4422 470 4488 psulousolesti013
483 4422 524 4473 sed
532 4422 552 4471 si
562 4438 655 4472 omnem
667 4424 808 4474 metentium
838 4440 890 4482 nes,
907 4440 955 4473 non
971 4423 1054 4472 bibere
1070 4423 1152 4489 cupies
1165 4422 1286 4481 mulsum
1303 4432 1363 4481 tum,
1376 4426 1398 4475 si

253 4495 317 4538 recte
329 4486 439 4552 junxeris
452 4495 477 4537 et
489 4487 646 4553 copulaveris,
657 4488 719 4539 bene
733 4488 755 4538 ei
771 4504 808 4539 re-
855 4504 945 4546 ronsus,
956 4488 1008 4554 ,qui
1022 4487 1104 4537 cibum
1122 4486 1166 4536 tibi
1183 4486 1329 4553 suppeditet,
1348 4504 1397 4539 non

254 4551 371 4619 spondere
386 4552 458 4601 verba
478 4552 557 4601 omnia
580 4551 709 4615 intelliges.
748 4555 809 4603 Sen-
838 4507 906 4604 domi
925 4562 971 4614 est,
992 4550 1131 4617 sipiscinm
1150 4562 1273 4617 capturum
1292 4552 1318 4599 iu
1337 4554 1398 4603 mari

254 4615 330 4667 tenda
347 4624 385 4666 est
402 4614 451 4667 iere
468 4616 536 4666 bec:
560 4616 675 4673 Canum,
687 4616 707 4665 si
720 4626 808 4683 potero,
840 4626 968 4685 tempestas
984 4616 1092 4682 impedit,
1102 4616 1238 4683 paniscum
1248 4616 1300 4665 sale
1310 4617 1398 4668 tamem

254 4680 365 4731 afferam:
389 4680 484 4730 animus
497 4680 599 4738 scilicet,
616 4681 724 4730 ciborum
741 4682 812 4748 copia
841 4684 924 4735 leniet.
946 4677 956 4740 l

255 4752 279 4794 st
295 4744 448 4811 jucunditate
463 4754 556 4813 captus,
572 4744 648 4797 veluti
663 4744 739 4811 judex
753 4762 811 4797 auro
876 4750 915 4799 rt.
933 4743 1039 4805 Molliter
1051 4755 1178 4804 usnemu,
1188 4752 1338 4797 cett-sm
1350 4746 1400 4799 ele·
