3659 5892
472 530 538 597 304
882 538 1205 609 SATIRARUM

557 688 667 762 Quam
682 690 761 755 satis
776 700 838 769 est,
854 694 975 778 pugnis
988 716 1093 759 coesus
1107 694 1260 779 ferroque
1273 698 1409 781 petitus,

556 791 723 857 Exclusus
738 792 820 871 fore,
836 817 937 879 quum
953 795 1169 881 Longarenus
1183 798 1269 863 foret
1282 800 1383 865 intus.

556 892 647 959 Huic
663 896 690 959 si
705 896 847 961 mutonis
862 898 971 961 verbis
985 898 1070 962 mala
1083 909 1175 964 tanta
1188 900 1330 965 videntis

446 1086 448 1089 Ι
554 996 693 1063 Diceret
708 998 779 1064 baec
794 1000 941 1064 animus:
966 1000 1058 1074 Quid
1074 1002 1123 1065 vis
1137 1003 1219 1067 sibit
1242 1002 1399 1087 numquid
1413 1024 1478 1088 ego
1492 1026 1513 1067 a
1527 1014 1561 1069 te

488 1096 532 1162 70
554 1098 680 1186 Magno
695 1112 891 1187 prognatum
906 1102 1051 1187 deposco
1066 1104 1199 1169 consule
1212 1126 1366 1182 cunnum,

551 1202 772 1289 Velatumque
788 1204 881 1283 stola,
897 1228 970 1270 mea
983 1228 1084 1291 quum
1098 1206 1284 1272 conferbuit
1298 1208 1372 1273 irai

551 1306 644 1380 Quid
658 1308 894 1393 responderet?
941 1308 1066 1395 Magno
1081 1320 1175 1395 patre
1187 1319 1266 1372 nata
1280 1308 1390 1394 puella
1404 1320 1466 1375 est.

549 1408 598 1475 At
612 1420 735 1494 quanto
750 1410 883 1475 meliora
894 1420 1005 1477 monet
1018 1414 1262 1498 pugnantiaque
1277 1413 1349 1477 istis

548 1511 653 1577 Dives
669 1514 741 1601 opis
756 1523 874 1577 natura
889 1536 968 1591 suae,
985 1514 1013 1577 si
1027 1526 1065 1577 tu
1078 1514 1176 1581 modo
1191 1526 1281 1580 recte

483 1612 504 1678 7
506 1614 527 1679 5
547 1613 752 1700 Dispensare
767 1615 858 1694 velis,
875 1638 913 1681 ac
928 1638 993 1681 non
1007 1615 1164 1702 fugienda
1176 1616 1329 1702 petendis

547 1715 750 1783 immiscere!
773 1716 850 1783 Tuo
865 1718 945 1784 vitio
959 1739 1109 1784 rerumne
1122 1718 1264 1797 labores,

545 1819 606 1885 Nil
620 1820 743 1887 referre
758 1822 877 1907 putas?
899 1842 1012 1905 quare,
1028 1842 1069 1886 ne
1083 1823 1243 1907 poeniteat
1256 1833 1301 1899 te,

545 1922 672 1989 Desine
687 1934 852 1989 matronas
868 1922 1035 2000 sectarier,
1050 1923 1138 1988 unde
1152 1922 1273 1989 laboris

546 2024 626 2091 Plus
640 2025 773 2092 haurire
786 2025 862 2091 mali
877 2034 940 2102 est,
955 2046 1054 2108 quam
1067 2048 1110 2090 ex
1124 2048 1160 2091 re
1175 2026 1353 2112 decerpere
1365 2028 1504 2095 fructus.

479 2127 523 2193 80
545 2126 620 2195 Nec
634 2129 737 2215 magis
751 2126 840 2205 huic,
856 2126 967 2193 niveos
982 2128 1068 2192 inter
1081 2129 1267 2213 viridesque
1280 2128 1409 2215 lapillos

544 2230 597 2296 Sit
609 2230 697 2311 licet,
712 2230 787 2308 hoc,
802 2228 970 2307 Cerinthe,
987 2238 1044 2295 tuo
1059 2241 1207 2296 tenerum
1221 2243 1273 2296 est
1286 2231 1394 2299 femur
1407 2245 1466 2300 aut
1481 2258 1557 2302 crus

543 2331 693 2413 Rectius,
709 2344 807 2419 atque
822 2333 921 2398 etiam
933 2332 1049 2397 melius
1061 2356 1210 2419 persaepe
1225 2344 1346 2420 togatae
1360 2348 1422 2401 est.

541 2436 642 2503 Adde
657 2436 734 2515 huc,
749 2436 839 2523 quod
852 2458 994 2503 meroem
1008 2436 1077 2500 sine
1092 2434 1175 2501 fucis
1190 2447 1309 2522 gestat,
1325 2450 1450 2524 aperte,

542 2538 643 2617 Quod
659 2538 771 2605 venale
786 2538 897 2617 habet,
913 2538 1068 2615 ostendit,
1083 2561 1155 2617 nec,
1171 2540 1209 2617 si,
1225 2539 1304 2623 quid
1320 2538 1451 2606 honesti
1465 2552 1527 2621 est,

455 2674 529 2725 filiam
552 2674 665 2724 Faustam
689 2672 770 2723 uxoris
790 2673 843 2723 loco
864 2672 969 2723 babebat
989 2672 1015 2721 in
1048 2672 1118 2741 petis,
1130 2689 1161 2723 an
1172 2674 1251 2732 rebus,
1263 2690 1325 2739 quas
1339 2674 1384 2724 tibi
1396 2677 1490 2726 oblatas
1500 2685 1608 2726 contem·

454 2740 579 2797 adulterio,
592 2740 630 2788 rel
647 2738 722 2789 videri
734 2738 817 2795 voluit,
829 2738 867 2788 vel
882 2738 965 2804 jocose
981 2738 1016 2787 ita
1047 2739 1093 2795 nis,
1108 2740 1181 2805 culpa
1194 2738 1322 2788 tribucnda
1333 2739 1382 2789 sitt
1400 2742 1471 2799 Vitio,
1486 2742 1568 2808 culpa,
1580 2751 1610 2792 ut

454 2805 589 2871 appellatus
599 2814 645 2854 est.
679 2803 748 2854 Idem
764 2812 844 2879 tamen
860 2803 905 2853 hoc
920 2802 1016 2852 nomine
1047 2803 1144 2869 passim
1288 2870 1294 2879 Ι

452 2867 1014 2999 rsrtlturltnmlnmuffl:
1076 2870 1121 2984 ⁷⁷0⁸:
1135 2869 1354 2992 illtttltlt
1371 2934 1607 3004 ιιιιιιι

452 3006 549 3049 tuaest.
578 3000 643 3048 Naro
654 3014 709 3047 cum
721 2998 852 3074 aliquando
863 2998 951 3048 intrare
959 3014 1011 3047 ve·
1044 2997 1123 3048 datur.

452 3062 485 3113 let
499 3064 596 3114 domum
612 3064 716 3120 Fausta,
729 3078 769 3112 cur
785 3064 832 3112 'am
850 3063 933 3113 aderat
948 3062 1011 3112 alius
1075 3064 1181 3112 ao-sa.
1199 3063 1249 3111 Nee
1265 3068 1339 3128 nugis
1352 3066 1417 3121 laic,
1433 3072 1492 3114 cett.
1503 3079 1548 3114 nee
1566 3074 1604 3115 ta·

451 3128 552 3187 adulter,
581 3130 744 3195 Longarenus,
772 3080 1010 3201 liutbrandum,
1043 3128 1604 3202 men(irivmatrona,licetniveis(unioni-

450 3192 537 3306 pugnis
554 3208 640 3250 cassus,
661 3194 766 3259 ferroque
786 3192 875 3259 petitus
893 3202 939 3242 est.
981 3192 1012 3242 ln
1043 3192 1104 3255 bus)
1115 3202 1140 3242 et
1154 3192 1271 3241 vrridrbns
1288 3194 1447 3258 (smaragdis)
1459 3194 1550 3260 lapillis
1560 3211 1603 3245 ex-

472 3268 549 3317 austa,
568 3258 594 3307 in
612 3256 719 3306 lrbrdrnrs
737 3258 815 3307 fructu
837 3273 892 3307 cum
911 3258 1011 3307 Fausta.
1043 3256 1215 3321 plandeseenti,
1226 3259 1299 3321 (loc)
1311 3260 1342 3307 ob
1356 3258 1412 3317 boc,
1424 3259 1456 3307 ob
1466 3258 1518 3308 boc
1531 3275 1602 3310 orna·

453 3323 528 3388 Usque
542 3338 654 3399 superque
666 3323 741 3377 Quom
752 3326 953 3387 rotbertusque
968 3338 1007 3379 eo,
1040 3331 1130 3381 menta,
1149 3322 1225 3371 lemur
1241 3331 1287 3379 est,
1305 3323 1370 3387 quod
1390 3322 1467 3387 magis
1485 3332 1602 3383 tenerum,

449 3386 592 3437 donecsans
608 3402 724 3453 superque
739 3394 783 3437 est.
815 3386 883 3443 Fore,
900 3404 943 3453 pro
953 3387 1008 3435 rul-
1040 3386 1235 3452 autcrns‚quod
1250 3387 1328 3452 magis
1340 3395 1432 3437 necuim
1447 3387 1539 3445 sittno.
1553 3390 1601 3439 Cess

448 3452 672 3567 widult
688 3451 961 3566 titulatis&
982 3451 1009 3501 n
1039 3451 1602 3583 llifdtld“it”ltllt⁰tt‘<lbtr

480 3536 522 3633 gli.
535 3533 633 3639 Heliconi,
642 3552 699 3631 telt.
706 3582 828 3647 jungetsi
837 3582 890 3630 lruic
899 3580 1007 3647 (Villio)
1040 3579 1101 3629 boc:
1118 3580 1193 3630 eisd
1208 3582 1259 3630 Sat.
1271 3580 1289 3640 i,
1301 3582 1325 3638 l,
1337 3582 1379 3633 46.
1408 3535 1527 3631 muniti.
1549 3555 1600 3633 ’Cs-

447 3652 538 3697 anr'nus
555 3648 637 3711 (sortis
654 3662 728 3711 quana
744 3652 855 3713 expertus
871 3646 911 3705 sit,
928 3646 1008 3695 consi·
1039 3646 1183 3701 strumosus
1198 3645 1296 3695 Tibullo
1312 3662 1408 3711 qaoque
1422 3654 1503 3704 notus,
1519 3647 1600 3699 torma

446 3710 568 3776 demntia)
578 3714 677 3761 mutonis
684 3720 751 3761 tanto
760 3712 821 3759 nula
829 3714 928 3759 videntis
936 3714 1008 3760 vertis
1041 3709 1219 3774 pulchritudine
1229 3718 1281 3760 tnm
1292 3711 1406 3777 temporis
1415 3710 1519 3775 insignis
1528 3712 1583 3761 suit.

446 3779 532 3827 dicem
562 3778 616 3833 hcc,
644 3790 686 3842 pro
708 3776 810 3842 vulgari,
831 3774 918 3840 quodsi
941 3783 1007 3825 muto
1072 3776 1113 3826 83.
1133 3774 1241 3832 Meroen,
1260 3776 1392 3825 venustatis
1408 3775 1545 3825 lenocinia:
1566 3778 1600 3827 cl.

446 3848 567 3891 tantorum
588 3840 705 3891 malorum
727 3841 795 3891 testis
815 3841 880 3889 hunc
903 3839 1007 3889 Villium
1040 3837 1071 3887 ad
1080 3856 1106 3888 v.
1117 3840 1158 3888 47.
1191 3839 1392 3905 Sinesucis‚sine
1406 3840 1510 3890 externis
1527 3858 1598 3891 orna-

446 3906 607 3971 alloqneretur
615 3906 653 3955 his
664 3905 740 3955 verbis
751 3924 757 3953 ι
777 3906 849 3962 Quid,
861 3912 919 3954 cett.
1038 3903 1133 3963 mentis,
1145 3904 1232 3969 quibus
1242 3905 1327 3953 oculos
1337 3906 1368 3955 ad
1378 3920 1404 3955 se
1413 3904 1535 3956 advertere
1546 3916 1597 3956 stn-

478 3972 519 4020 70.
542 3972 631 4035 Magno
649 3972 748 4028 constris,
771 3978 799 4019 ut
820 3987 845 4020 v.
865 3971 897 4018 72
919 3970 1007 4036 Magno
1038 3967 1228 4019 dentmatronm.

443 4046 519 4099 putre,
538 4034 622 4084 Sulla:
648 4050 677 4083 ex
698 4034 743 4085 hoc
761 4050 841 4091 versu,
859 4033 962 4084 Villium
978 4035 1005 4083 s'n
1069 4035 1110 4091 84,
1130 4036 1172 4082 85.
1198 4035 1290 4091 l'ennle,
1314 4041 1369 4101 apte
1392 4032 1519 4101 respondet
1542 4035 1598 4084 voci

445 4100 534 4150 Fuusta
544 4100 616 4150 luisse
628 4098 771 4157 adulterum,
783 4098 888 4149 dilucide
898 4106 1003 4166 apparet.
1035 4114 1106 4146 mm.
1140 4098 1196 4156 Nec,
1218 4102 1239 4145 si
1260 4102 1318 4162 quid
1338 4100 1425 4148 bonesti
1446 4109 1487 4155 est,
1505 4098 1596 4157 ductat,

477 4166 519 4215 71.
537 4165 587 4223 lra,
598 4164 670 4220 luror,
682 4162 755 4230 ὀργῆ.
1033 4170 1091 4212 cett.
1113 4162 1215 4212 Nullum
1226 4162 1380 4230 interpretum
1392 4162 1418 4211 in
1428 4164 1473 4212 boc
1483 4162 1536 4211 loco
1545 4163 1595 4211 ha·

477 4230 517 4279 72.
534 4230 628 4287 Puella,
641 4230 739 4287 Fausta,
751 4244 811 4278 uxor
822 4226 938 4277 Milonis:
955 4242 1000 4288 pu-
1033 4226 1101 4285 sissa,
1113 4226 1184 4277 valde
1195 4226 1280 4276 miror:
1297 4226 1441 4293 particulam
1452 4244 1502 4283 nec,
1517 4228 1596 4285 unice,

442 4296 489 4343 elta
499 4303 524 4344 et
533 4299 599 4362 uirgo
608 4292 696 4359 passim
705 4294 736 4344 da
746 4294 873 4344 uxoribus:
885 4290 936 4341 vid.
947 4306 1003 4357 sup.
1034 4300 1063 4340 ut
1078 4308 1116 4341 res
1133 4293 1231 4351 clamat,
1248 4292 1280 4341 ad
1296 4296 1379 4356 querit
1393 4292 1549 4348 referendam,
1564 4293 1595 4342 ad

443 4360 473 4409 ad
486 4358 535 4409 od.
546 4359 581 4415 iii,
596 4360 635 4415 ll,
650 4360 689 4408 10.
1034 4372 1109 4405 unum
1121 4372 1204 4407 omnes
1213 4356 1328 4421 adjactnt
1338 4364 1363 4406 ct
1372 4358 1524 4419 potentates
1533 4357 1594 4406 reie-

475 4425 516 4475 ⁷4.
534 4424 605 4474 Diues
620 4426 668 4500 opis
686 4434 774 4472 nutura
790 4440 850 4472 sace:
871 4428 896 4471 at
911 4428 1003 4486 quanto
1034 4430 1097 4479 runt,
1109 4422 1257 4487 eandemque
1267 4421 1409 4488 particulam
1421 4421 1452 4469 ad
1462 4424 1545 4485 querit
1555 4437 1593 4470 rc·

441 4490 541 4538 meliora
558 4498 582 4539 et
598 4488 650 4538 istra
668 4488 788 4538 contraria
806 4485 892 4537 suadet
908 4494 1002 4544 natura,
1033 4486 1160 4551 petendam
1171 4487 1208 4535 vel
1219 4486 1375 4563 supplendam
1386 4501 1439 4535 esse
1449 4493 1550 4553 putant:
1569 4494 1596 4534 at

441 4570 505 4621 qua,
534 4550 1001 4621 uaslrabet,opesstpraesidialargitss
1031 4550 1067 4599 sic
1090 4566 1174 4600 seusus
1193 4560 1245 4601 esst
1266 4558 1447 4618 ineptissimus;
1473 4550 1594 4615 quomodo

440 4632 486 4683 sup
533 4620 584 4669 itat.
1030 4615 1094 4666 enim
1113 4615 1232 4674 libertina,
1250 4614 1390 4691 qua,quod
1405 4614 1491 4667 venale
1508 4614 1592 4672 babet,

473 4684 514 4733 76.
533 4684 582 4733 Tuo
599 4686 663 4741 mtto,
676 4690 733 4733 cett.
750 4698 809 4732 num
825 4696 909 4746 parum
927 4678 1000 4729 inter·
1032 4691 1111 4742 operte
1132 4683 1238 4738 ostendit,
1262 4680 1297 4737 rd,
1318 4680 1383 4745 quod
1404 4680 1531 4730 honestum
1552 4679 1592 4728 vel

439 4762 491 4799 asse
509 4757 588 4815 putus,
606 4757 685 4798 utrum
699 4747 745 4797 tibi
759 4746 813 4813 ipsi.
826 4745 868 4811 qui
885 4742 1000 4809 fugienda
1031 4744 1158 4812 pulcbnrm
1172 4754 1218 4803 est,
1231 4763 1276 4793 non
1283 4744 1389 4808 jactare,
1399 4760 1449 4794 non
1456 4746 1537 4809 pulum
1548 4746 1591 4793 ltc-
