3659 5892
636 552 801 619 LIBER
823 554 850 632 l,
876 554 927 619 17.
1293 552 1358 617 485

292 705 453 784 Mirabor,
469 708 544 771 vitae
558 708 611 771 ris
623 708 651 771 si
666 729 823 772 conversa
837 706 979 771 decebit.

287 806 385 872 Alter
398 830 600 894 purpureum
614 831 679 873 non
693 810 899 894 exspectabit
913 809 1076 884 amictum,

289 909 463 983 Quidlibet
475 911 610 975 indutus
626 909 836 976 celeberrime
850 933 910 996 per
923 910 995 975 loca
1010 910 1119 987 vadet,

289 1011 531 1097 Personomque
546 1011 629 1077 feret
643 1035 709 1077 non
724 1012 935 1077 inconcinnus
950 1021 1138 1097 utramque:

224 1112 270 1176 30
290 1110 387 1179 Alter
401 1113 510 1179 Mileti
525 1124 646 1179 textam
660 1135 741 1179 cone
755 1115 850 1199 pejus
865 1126 900 1179 et
914 1136 1020 1199 angue

289 1214 419 1280 Vitebit
433 1214 653 1300 chlamydem
675 1217 832 1281 morietur
846 1216 978 1301 frigore,
995 1216 1022 1280 si
1037 1237 1103 1280 non

290 1317 457 1383 Retuleris
471 1340 630 1403 pennum:
654 1316 751 1395 refer,
766 1329 801 1383 et
815 1320 884 1383 sine
898 1320 985 1382 vivat
1000 1318 1142 1403 ineptus.

289 1420 361 1485 Res
374 1442 488 1505 gerere
503 1429 537 1484 et
550 1429 664 1504 captos
679 1419 852 1485 ostendere
866 1421 992 1486 civibus
1006 1420 1130 1497 hostes,

291 1520 436 1606 Attingit
450 1519 566 1585 solium
580 1520 685 1599 doris,
699 1531 734 1586 et
747 1520 893 1587 coelestie
908 1532 1030 1600 tentst3

225 1625 269 1688 35
291 1623 499 1709 Principibus
513 1622 676 1708 placuisse
690 1623 859 1701 viris,'non
874 1623 987 1687 ultimo
1000 1624 1072 1688 laus
1087 1634 1147 1690 est.

288 1724 369 1790 Non
383 1726 484 1789 cuivis
498 1724 620 1790 homini
635 1723 794 1810 contingit
807 1724 899 1789 odire
913 1725 1117 1791 Corinthum.
1199 1754 1206 1775 ·

290 1827 395 1906 Sedit,
410 1828 468 1912 qui
483 1828 599 1905 timuit,
616 1850 656 1892 ne
672 1848 737 1891 non
753 1827 962 1907 succederet;
985 1839 1074 1893 esto:

291 1929 406 2003 Quidt
429 1930 487 2013 qui
500 1930 660 2015 pervenit,
676 1927 796 1993 fecitne
811 1927 968 1995 viriliterl
1013 1928 1119 2015 Atqui

207 2066 211 2071 ‚
291 2030 358 2097 Hic
372 2041 434 2108 est,
450 2041 507 2095 aut
521 2052 692 2115 nusquam,
708 2029 797 2115 quod
812 2032 1004 2114 querimus:
1027 2031 1082 2097 hic
1096 2053 1178 2096 onus
1193 2030 1317 2109 horret,

226 2133 270 2197 40
291 2132 339 2197 Ut
353 2133 462 2218 parvis
477 2134 591 2199 animis
606 2143 640 2197 et
654 2154 756 2217 perro
771 2152 907 2216 corpore
922 2134 1044 2218 majus:

292 2234 359 2299 Hic
374 2235 463 2299 subit
477 2246 512 2299 et
525 2232 660 2320 perfert.
704 2230 775 2298 Aut
789 2234 892 2298 virtus
907 2256 1024 2299 nomen
1039 2234 1134 2299 inane
1148 2244 1210 2312 est,

292 2334 363 2401 Aut
377 2336 478 2402 decus
493 2348 527 2401 et
541 2336 681 2421 pretium
696 2346 786 2401 recte
800 2336 885 2420 petit
899 2336 1072 2420 experiens
1087 2336 1146 2401 vir.

291 2438 410 2503 Coram
423 2459 501 2523 rege
517 2460 577 2502 suo
590 2437 633 2501 de
648 2446 842 2522 paupertate
857 2446 1004 2502 tacentes

271 2548 278 2579 '
293 2539 373 2605 Plus
388 2550 544 2624 poscente
559 2539 682 2605 ferent:
706 2539 818 2617 distet,
834 2561 985 2605 sumasne
1000 2540 1172 2625 pudenter,

238 2674 280 2722 25.
298 2673 337 2721 Dn
355 2674 396 2721 lici
411 2690 504 2735 panno:
519 2690 611 2737 ponnm
621 2676 653 2722 dn
671 2672 766 2738 tcr(dl·
797 2672 864 2722 odor.
874 2672 923 2721 Sic.
936 2670 969 2729 iv,
980 2674 1021 2723 26.
1044 2673 1109 2723 Hinc
1119 2674 1269 2724 celebrantur
1280 2692 1310 2725 cr
1334 2678 1356 2715 '-

206 2738 277 2793 πλαξ
283 2690 354 2803 apud
355 2738 453 2787 Homer.
459 2737 570 2793 llisd.iii,
578 2740 625 2787 126
630 2743 641 2801 (
660 2738 768 2803 ipss-on),
797 2755 866 2802 poro
879 2736 998 2796 Μιλήσια,
1007 2736 1117 2799 τάπητες
1130 2739 1253 2800 Μιλήσιοι,
1269 2696 1356 2790 vsidi-

206 2817 222 2850 o
238 2811 360 2867 ponuntur
369 2800 495 2861 ἅπλοΐδες.
528 2802 659 2877 Boettiper.
676 2804 769 2851 Vssen.
799 2816 878 2850 esser.
890 2801 920 2850 sd
930 2800 1049 2851 Adonim.
1061 2820 1085 2867 p.
1098 2804 1147 2852 406
1158 2805 1189 2854 C.
1223 2806 1270 2853 Pro
1281 2822 1358 2869 ungris

208 2819 279 2915 olem.
290 2868 320 2914 T.
329 2866 347 2923 i,
362 2866 388 2923 ii,
401 2868 426 2924 ³,
440 2885 465 2933 p.
480 2868 535 2928 39),
545 2881 653 2924 crassior,
664 2866 767 2922 densior,
798 2866 882 2977 plures
901 2866 986 2930 legunt
1004 2869 1096 2931 ongnt,·
1124 2866 1155 2916 de
1182 2884 1230 2932 qus
1258 2868 1357 2918 ablativi

208 2938 236 2978 ut
246 2932 371 2978 onicnlsns
381 2934 466 2995 duplcr
476 2930 540 2997 spud
551 2933 625 2980 Corn.
636 2932 701 2996 Nep.
714 2931 766 2979 Da·
808 2945 875 2978 orins
885 2929 935 2979 vid.
949 2930 1030 2979 Bentl.
1040 2946 1094 2996 sup.
1106 2931 1136 2980 sd
1148 2934 1198 2980 Sst.
1210 2932 1227 2987 i.
1237 2936 1262 2989 5,
1272 2934 1313 2981 72.

209 3003 267 3042 um.
282 2997 347 3053 c.3;
364 2996 407 3043 slii
425 2998 540 3058 duplicem
556 3012 660 3057 ponnuns
677 2994 767 3060 soeipi·
831 2996 938 3044 33-35.
962 2995 1007 3042 lios
1022 3010 1111 3058 gerere,
1132 2994 1196 3044 domi
1219 2997 1358 3061 militisque

208 3068 252 3107 not
267 3058 298 3107 de
314 3058 396 3123 pollio,
414 3060 479 3126 quod
491 3075 562 3125 super
572 3059 673 3108 alterum
683 3058 768 3107 burne·
799 3059 914 3123 preclare
925 3074 962 3107 res
972 3074 1061 3123 gerere.
1073 3060 1122 3110 sivo
1132 3060 1202 3109 rebus
1213 3061 1286 3125 gestis
1298 3062 1359 3111 benc

208 3137 261 3170 rom
278 3122 392 3187 rejectum
410 3121 708 3191 quosiduplicetu13sed
725 3123 769 3170 sd-
801 3123 884 3171 mereri
900 3121 931 3171 de
948 3121 1088 3187 republies3
1113 3134 1134 3172 et
1152 3136 1227 3187 coptos
1245 3128 1359 3175 ostendere

205 3185 273 3251 jecto
286 3204 333 3235 vox
347 3192 462 3250 potientis
477 3188 536 3237 sstis
553 3187 665 3243 ostendit,
680 3202 767 3235 sermo-
800 3189 888 3235 civibus
906 3188 986 3242 hostes,
1005 3194 1029 3235 et
1045 3186 1108 3236 victo
1125 3188 1193 3238 hoste
1212 3189 1360 3254 triumphum

209 3266 263 3300 nem
280 3268 332 3300 esss
342 3256 373 3301 do
384 3254 458 3318 pallio
465 3253 558 3318 corpori
566 3251 694 3300 admodum
703 3250 769 3315 gravi
800 3265 885 3313 egere5
908 3250 935 3299 in
953 3250 1073 3317 triumpho
1095 3253 1159 3301 enim
1181 3254 1244 3317 capti
1261 3261 1285 3302 et
1304 3262 1359 3302 suto

210 3324 282 3380 utque
293 3316 403 3366 molesto.
799 3330 892 3363 currum
900 3315 1071 3427 triumphantis
1084 3315 1222 3367 incedentes
1233 3318 1312 3366 hostes
1324 3318 1359 3365 ci·

241 3380 283 3428 26.
302 3380 359 3429 Vite
376 3384 415 3428 cic
431 3396 545 3439 monerio,
561 3380 766 3437 mutstciortuns,
799 3379 869 3427 vibus
880 3378 977 3428 ostende
995 3389 1074 3428 entur.

211 3452 304 3492 moute
314 3443 370 3493 vite
382 3444 451 3493 rstio.
834 3444 875 3491 ³4.
892 3446 997 3509 Attingit
1016 3446 1098 3493 sotium
1116 3444 1192 3494 louis:
1211 3444 1235 3494 id
1252 3446 1294 3510 (ut
1305 3461 1359 3511 sup.

242 3510 349 3557 tt-cc.
365 3509 432 3557 Alter
447 3524 599 3571 purpureum,
616 3516 674 3557 cett.
713 3507 769 3557 Ari·
802 3506 852 3556 od.
865 3508 884 3564 i,
902 3510 925 3565 l,
945 3508 1089 3557 6Horstios
1104 3509 1223 3575 loquitur)
1242 3513 1315 3559 evehit
1329 3514 1361 3560 od

208 3570 312 3639 stippus,
319 3573 364 3620 iter
370 3573 484 3628 lecturus,
492 3587 541 3619 non
546 3572 689 3621 desiderabit
695 3572 769 3622 amic·
802 3582 919 3621 terrorum
929 3574 1038 3627 dominos,
1051 3573 1118 3622 Deos.

210 3645 261 3685 tum
279 3634 440 3703 splendidum,
458 3636 501 3685 sod
516 3635 770 3701 quelibetrelvilissi-
834 3636 876 3685 ³5.
901 3636 1059 3699 Principibus.
1083 3636 1109 3687 in
1136 3638 1218 3687 lstiore
1240 3638 1360 3703 significe-

210 3716 251 3749 ms
268 3710 333 3750 vesto
352 3700 450 3749 indutus
465 3701 519 3749 loos
536 3702 688 3751 celeberrima
700 3716 769 3766 pers-
801 3699 874 3757 tione,
892 3698 923 3749 de
937 3699 1089 3775 primoribus,
1101 3702 1281 3769 potentioribus,
1293 3703 1361 3751 nobi-

210 3765 295 3828 gnbit
310 3773 335 3814 et
351 3764 377 3813 in
393 3772 495 3831 utruque
512 3774 584 3823 sorte,
599 3764 650 3814 sive
668 3765 770 3815 amictus
802 3764 908 3820 boribus,
919 3763 1053 3813 ditioribus.

210 3829 312 3893 pulcher
326 3836 352 3878 et
369 3829 450 3879 tenuis
464 3828 515 3878 sive
531 3829 586 3877 vilis
603 3837 628 3878 et
642 3844 736 3878 crassus
747 3830 770 3879 ei
834 3828 876 3877 36.
900 3829 954 3877 Non
970 3832 1043 3877 cuiuis
1060 3831 1144 3879 bomini
1162 3834 1239 3880 contin
1261 3834 1277 3879 't
1296 3834 1363 3882 odire

211 3893 341 3957 gestandus
350 3894 391 3952 sit,
455 3908 548 3943 essuss
563 3893 770 3959 aptesustioebit3
805 3894 960 3941 Corinthum:
986 3894 1101 3958 expressit
1121 3902 1204 3944 notom
1248 3911 1362 3945 rocosum

211 3966 237 4005 st
258 3958 367 4023 Cynicus
387 3974 401 4007 c
419 3956 538 4023 lsmydem
555 3974 569 4007 c
589 3960 646 4006 lons
666 3958 769 4023 pretiose
801 3956 960 4023 proverbium,
973 3958 1009 4008 od
1020 3961 1116 4018 παντὸς
1128 3958 1220 4023 ἀνδρὸς
1230 3960 1264 4018 εἰς
1273 3961 1362 4026 Κόριν-

211 4030 358 4078 contortum,
367 4030 396 4070 ut
411 4038 460 4071 rem
536 4022 632 4071 iciostm
643 4029 667 4071 et
677 4022 768 4071 abomi-
802 4022 848 4070 θον
859 4019 909 4070 ἔσθ’
921 4020 934 4070 ὁ
946 4024 1034 4081 πλοῦς,
1046 4038 1094 4072 non
1110 4024 1188 4073 cuivis
1203 4023 1302 4081 homini,
1320 4026 1363 4075 sod

213 4086 326 4144 nobilem,
338 4084 421 4149 fugiet.
482 4090 571 4135 mnnr
579 4087 683 4151 frigore,
692 4090 770 4135 sinon
802 4084 928 4134 ditioribus
944 4094 1046 4143 tantum,
1066 4088 1103 4138 vel
1121 4088 1211 4153 majore
1229 4098 1323 4139 strenue
1339 4098 1364 4139 et

211 4160 268 4200 cett.
299 4150 340 4199 sd
351 4150 415 4199 bunc
427 4150 507 4199 locum
523 4158 592 4199 vetus
607 4150 689 4199 Scbol.
703 4150 772 4199 effert
803 4148 911 4223 gnaviter
922 4150 1078 4200 tentantibus.
1111 4152 1190 4201 Nemo
1204 4155 1268 4202 enim
1279 4154 1363 4203 urbem

212 4215 281 4264 boc:
299 4219 367 4264 siunt
385 4216 539 4277 Aristippum,
555 4216 655 4263 incitato
671 4215 774 4279 ungens
803 4214 871 4262 rllom
886 4214 1089 4279 opulentissimam
1108 4216 1160 4265 sine
1173 4217 1266 4281 magnis
1280 4216 1363 4265 sumti-

212 4282 244 4328 od
264 4282 365 4334 balneos,
377 4282 463 4356 dedisse
474 4296 566 4341 opernm
582 4289 610 4326 nt
621 4296 694 4327 omnes
706 4282 774 4341 prius
804 4279 850 4327 bus
860 4277 926 4327 odire
936 4288 961 4327 et
971 4278 1120 4343 frequentare
1130 4288 1228 4345 poterat.

212 4344 773 4472 meu
805 4344 1365 4475 ..muntenniceletem

210 4487 280 4583 pones
289 4474 449 4521 nemincum
462 4472 579 4528 nolntm,
593 4488 661 4519 snum
671 4473 773 4533 repetiit.
805 4472 869 4519 citus
887 4470 940 4530 luit,
961 4470 1030 4521 deses
1046 4472 1111 4521 domi
1131 4472 1227 4523 mansit.
1260 4473 1296 4523 Sit
1314 4473 1364 4522 its!

233 4554 281 4585 nnc
298 4539 431 4599 Aristippus
444 4539 561 4598 increpuit
572 4536 773 4601 Cynicumfnnc
807 4533 874 4593 Quid
891 4536 965 4584 vorot
988 4552 1068 4587 nonne
1090 4537 1120 4595 is,
1142 4537 1184 4602 qui
1204 4554 1233 4587 eo
1252 4536 1367 4605 pervenit,

213 4604 355 4657 servientem,
368 4602 664 4673 qniolgcrcnotictpnosn
675 4602 773 4673 conspici
805 4600 1055 4665 virumseprcnititt
1085 4665 1090 4677 ³

213 4664 773 4794 simmisdttttdttllt:
806 4664 950 4793 ccliiii}
968 4664 1369 4794 didactmttdttt
