<?xml version="1.0" encoding="UTF-8"?>
<!DOCTYPE html PUBLIC "-//W3C//DTD XHTML 1.0 Transitional//EN"
    "http://www.w3.org/TR/xhtml1/DTD/xhtml1-transitional.dtd">
<html xmlns="http://www.w3.org/1999/xhtml" xml:lang="en" lang="en">
 <head>
  <title>
</title>
<meta http-equiv="Content-Type" content="text/html;charset=utf-8" />
  <meta name='ocr-system' content='tesseract 3.04.00' />
  <meta name='ocr-capabilities' content='ocr_page ocr_carea ocr_par ocr_line ocrx_word'/>
</head>
<body>
  <div class='ocr_page' id='page_1' title='image "./qhoratiiflaccio01drgoog_0285.png"; bbox 0 0 3659 5892; ppageno 0'>
   <div class='ocr_carea' id='block_1_1' title="bbox 634 523 1377 605">
    <p class='ocr_par' dir='ltr' id='par_1_1' title="bbox 634 523 1377 605">
     <span class='ocr_line' id='line_1_1' title="bbox 634 523 1377 605; baseline 0.004 -16"><span class='ocrx_word' id='word_1_1' title='bbox 634 523 800 589; x_wconf 90' lang='lat' dir='ltr'><strong>LIBER</strong></span> <span class='ocrx_word' id='word_1_2' title='bbox 824 524 885 605; x_wconf 92' lang='lat' dir='ltr'><strong>lV,</strong></span> <span class='ocrx_word' id='word_1_3' title='bbox 913 526 963 593; x_wconf 86' lang='lat'><strong>15.</strong></span> <span class='ocrx_word' id='word_1_4' title='bbox 1312 527 1377 592; x_wconf 71' lang='lat'><strong>243</strong></span> 
     </span>
    </p>
   </div>
   <div class='ocr_carea' id='block_1_2' title="bbox 367 678 1162 2095">
    <p class='ocr_par' dir='ltr' id='par_1_2' title="bbox 367 678 1162 2095">
     <span class='ocr_line' id='line_1_2' title="bbox 478 678 1012 765; baseline 0.002 -22"><span class='ocrx_word' id='word_1_5' title='bbox 478 678 558 744; x_wconf 90' lang='lat' dir='ltr'><strong>Non</strong></span> <span class='ocrx_word' id='word_1_6' title='bbox 572 678 631 757; x_wconf 90' lang='lat' dir='ltr'><strong>ira,</strong></span> <span class='ocrx_word' id='word_1_7' title='bbox 647 701 721 764; x_wconf 86' lang='lat' dir='ltr'><strong>quae</strong></span> <span class='ocrx_word' id='word_1_8' title='bbox 736 680 890 765; x_wconf 82' lang='lat' dir='ltr'><strong>procudit</strong></span> <span class='ocrx_word' id='word_1_9' title='bbox 904 702 1012 758; x_wconf 84' lang='lat' dir='ltr'><strong>eneae,</strong></span> 
     </span>
     <span class='ocr_line' id='line_1_3' title="bbox 370 781 1002 848; baseline 0.003 -2"><span class='ocrx_word' id='word_1_10' title='bbox 370 782 416 846; x_wconf 76' lang='lat'><strong>20</strong></span> <span class='ocrx_word' id='word_1_11' title='bbox 522 781 569 847; x_wconf 86' lang='lat' dir='ltr'><strong>Et</strong></span> <span class='ocrx_word' id='word_1_12' title='bbox 583 782 718 846; x_wconf 80' lang='lat' dir='ltr'><strong>miserae</strong></span> <span class='ocrx_word' id='word_1_13' title='bbox 733 782 876 848; x_wconf 82' lang='lat' dir='ltr'><strong>inimicat</strong></span> <span class='ocrx_word' id='word_1_14' title='bbox 891 783 1002 848; x_wconf 80' lang='lat' dir='ltr'><strong>urbes.</strong></span> 
     </span>
     <span class='ocr_line' id='line_1_4' title="bbox 434 882 1162 969; baseline -0.001 -20"><span class='ocrx_word' id='word_1_15' title='bbox 434 883 525 962; x_wconf 92' lang='lat' dir='ltr'><strong>Non,</strong></span> <span class='ocrx_word' id='word_1_16' title='bbox 541 884 598 969; x_wconf 93' lang='lat' dir='ltr'><strong>qui</strong></span> <span class='ocrx_word' id='word_1_17' title='bbox 612 882 812 969; x_wconf 88' lang='lat' dir='ltr'><strong>profundum</strong></span> <span class='ocrx_word' id='word_1_18' title='bbox 828 883 1019 950; x_wconf 82' lang='lat' dir='ltr'><strong>Danubium</strong></span> <span class='ocrx_word' id='word_1_19' title='bbox 1033 884 1162 962; x_wconf 91' lang='lat' dir='ltr'><strong>bibunt,</strong></span> 
     </span>
     <span class='ocr_line' id='line_1_5' title="bbox 367 983 1046 1070; baseline 0.001 -20"><span class='ocrx_word' id='word_1_20' title='bbox 367 1024 373 1035; x_wconf 87' lang='lat'><em>·</em></span> <span class='ocrx_word' id='word_1_21' title='bbox 436 987 557 1052; x_wconf 85' lang='lat' dir='ltr'><strong>Edicta</strong></span> <span class='ocrx_word' id='word_1_22' title='bbox 571 996 724 1070; x_wconf 88' lang='lat' dir='ltr'><strong>rumpent</strong></span> <span class='ocrx_word' id='word_1_23' title='bbox 738 983 839 1063; x_wconf 82' lang='lat' dir='ltr'><strong>Julia,</strong></span> <span class='ocrx_word' id='word_1_24' title='bbox 855 1008 922 1051; x_wconf 92' lang='lat' dir='ltr'><strong>non</strong></span> <span class='ocrx_word' id='word_1_25' title='bbox 937 986 1046 1065; x_wconf 86' lang='lat' dir='ltr'><strong>Getoe,</strong></span> 
     </span>
     <span class='ocr_line' id='line_1_6' title="bbox 479 1086 973 1167; baseline 0 -14"><span class='ocrx_word' id='word_1_26' title='bbox 479 1087 559 1153; x_wconf 91' lang='lat' dir='ltr'><strong>Non</strong></span> <span class='ocrx_word' id='word_1_27' title='bbox 574 1088 684 1165; x_wconf 79' lang='lat' dir='ltr'><strong>Seres,</strong></span> <span class='ocrx_word' id='word_1_28' title='bbox 700 1086 834 1152; x_wconf 87' lang='lat' dir='ltr'><strong>infidive</strong></span> <span class='ocrx_word' id='word_1_29' title='bbox 850 1088 973 1167; x_wconf 85' lang='lat' dir='ltr'><strong>Pereae,</strong></span> 
     </span>
     <span class='ocr_line' id='line_1_7' title="bbox 521 1189 1088 1275; baseline 0.002 -20"><span class='ocrx_word' id='word_1_30' title='bbox 521 1190 601 1255; x_wconf 92' lang='lat' dir='ltr'><strong>Non</strong></span> <span class='ocrx_word' id='word_1_31' title='bbox 616 1189 746 1254; x_wconf 83' lang='lat' dir='ltr'><strong>Tanain</strong></span> <span class='ocrx_word' id='word_1_32' title='bbox 759 1212 863 1275; x_wconf 87' lang='lat' dir='ltr'>prope</span> <span class='ocrx_word' id='word_1_33' title='bbox 878 1190 999 1257; x_wconf 87' lang='lat' dir='ltr'><strong>flumen</strong></span> <span class='ocrx_word' id='word_1_34' title='bbox 1014 1192 1088 1257; x_wconf 87' lang='lat' dir='ltr'><strong>orti.</strong></span> 
     </span>
     <span class='ocr_line' id='line_1_8' title="bbox 369 1291 1109 1378; baseline 0 -22"><span class='ocrx_word' id='word_1_35' title='bbox 369 1293 412 1356; x_wconf 72' lang='lat'><strong>25</strong></span> <span class='ocrx_word' id='word_1_36' title='bbox 433 1291 572 1377; x_wconf 84' lang='lat' dir='ltr'><strong>Nosque</strong></span> <span class='ocrx_word' id='word_1_37' title='bbox 587 1301 621 1357; x_wconf 94' lang='lat' dir='ltr'><strong>et</strong></span> <span class='ocrx_word' id='word_1_38' title='bbox 634 1291 789 1378; x_wconf 82' lang='lat' dir='ltr'><strong>profertis</strong></span> <span class='ocrx_word' id='word_1_39' title='bbox 804 1291 933 1358; x_wconf 79' lang='lat' dir='ltr'><strong>lucibus</strong></span> <span class='ocrx_word' id='word_1_40' title='bbox 948 1304 982 1359; x_wconf 87' lang='lat' dir='ltr'><strong>et</strong></span> <span class='ocrx_word' id='word_1_41' title='bbox 997 1295 1109 1370; x_wconf 86' lang='lat' dir='ltr'><strong>sacris,</strong></span> 
     </span>
     <span class='ocr_line' id='line_1_9' title="bbox 437 1394 934 1481; baseline 0 -22"><span class='ocrx_word' id='word_1_42' title='bbox 437 1394 527 1460; x_wconf 83' lang='lat' dir='ltr'><strong>Inter</strong></span> <span class='ocrx_word' id='word_1_43' title='bbox 536 1396 643 1481; x_wconf 88' lang='lat' dir='ltr'><strong>jocosi</strong></span> <span class='ocrx_word' id='word_1_44' title='bbox 658 1416 792 1459; x_wconf 88' lang='lat' dir='ltr'><strong>munera</strong></span> <span class='ocrx_word' id='word_1_45' title='bbox 808 1394 934 1473; x_wconf 83' lang='lat' dir='ltr'><strong>Liberi,</strong></span> 
     </span>
     <span class='ocr_line' id='line_1_10' title="bbox 480 1495 1052 1583; baseline -0.002 -23"><span class='ocrx_word' id='word_1_46' title='bbox 480 1495 563 1561; x_wconf 88' lang='lat' dir='ltr'><strong>Cum</strong></span> <span class='ocrx_word' id='word_1_47' title='bbox 577 1495 669 1583; x_wconf 87' lang='lat' dir='ltr'><strong>prole</strong></span> <span class='ocrx_word' id='word_1_48' title='bbox 684 1497 905 1581; x_wconf 81' lang='lat' dir='ltr'><strong>matronisque</strong></span> <span class='ocrx_word' id='word_1_49' title='bbox 921 1498 1052 1574; x_wconf 86' lang='lat' dir='ltr'><strong>nostris,</strong></span> 
     </span>
     <span class='ocr_line' id='line_1_11' title="bbox 522 1598 1011 1684; baseline -0.002 -21"><span class='ocrx_word' id='word_1_50' title='bbox 522 1598 601 1663; x_wconf 91' lang='lat' dir='ltr'><strong>Rite</strong></span> <span class='ocrx_word' id='word_1_51' title='bbox 617 1598 709 1663; x_wconf 79' lang='lat' dir='ltr'><strong>Deos</strong></span> <span class='ocrx_word' id='word_1_52' title='bbox 724 1598 816 1683; x_wconf 88' lang='lat' dir='ltr'><strong>prius</strong></span> <span class='ocrx_word' id='word_1_53' title='bbox 832 1598 1011 1684; x_wconf 88' lang='lat' dir='ltr'><strong>appreceti,</strong></span> 
     </span>
     <span class='ocr_line' id='line_1_12' title="bbox 437 1700 1115 1785; baseline 0 -20"><span class='ocrx_word' id='word_1_54' title='bbox 437 1700 571 1765; x_wconf 86' lang='lat' dir='ltr'><strong>Virtute</strong></span> <span class='ocrx_word' id='word_1_55' title='bbox 586 1700 727 1777; x_wconf 85' lang='lat' dir='ltr'><strong>firnctoe,</strong></span> <span class='ocrx_word' id='word_1_56' title='bbox 740 1721 831 1765; x_wconf 89' lang='lat' dir='ltr'><strong>more</strong></span> <span class='ocrx_word' id='word_1_57' title='bbox 845 1712 985 1785; x_wconf 86' lang='lat' dir='ltr'><strong>petrum,</strong></span> <span class='ocrx_word' id='word_1_58' title='bbox 1002 1700 1115 1780; x_wconf 82' lang='lat' dir='ltr'><strong>duces,</strong></span> 
     </span>
     <span class='ocr_line' id='line_1_13' title="bbox 373 1801 967 1887; baseline 0.003 -21"><span class='ocrx_word' id='word_1_59' title='bbox 373 1802 417 1866; x_wconf 85' lang='lat'><strong>30</strong></span> <span class='ocrx_word' id='word_1_60' title='bbox 438 1801 542 1887; x_wconf 87' lang='lat' dir='ltr'><strong>Lydis</strong></span> <span class='ocrx_word' id='word_1_61' title='bbox 556 1802 695 1867; x_wconf 83' lang='lat' dir='ltr'><strong>remixto</strong></span> <span class='ocrx_word' id='word_1_62' title='bbox 710 1801 851 1867; x_wconf 89' lang='lat' dir='ltr'><strong>carmine</strong></span> <span class='ocrx_word' id='word_1_63' title='bbox 867 1802 967 1881; x_wconf 88' lang='lat' dir='ltr'><strong>tibiie,</strong></span> 
     </span>
     <span class='ocr_line' id='line_1_14' title="bbox 479 1902 1068 1990; baseline 0.003 -21"><span class='ocrx_word' id='word_1_64' title='bbox 479 1904 680 1990; x_wconf 88' lang='lat' dir='ltr'><strong>Trojamque</strong></span> <span class='ocrx_word' id='word_1_65' title='bbox 695 1915 730 1969; x_wconf 89' lang='lat' dir='ltr'><strong>ct</strong></span> <span class='ocrx_word' id='word_1_66' title='bbox 743 1902 913 1969; x_wconf 83' lang='lat' dir='ltr'><strong>Anchisen</strong></span> <span class='ocrx_word' id='word_1_67' title='bbox 927 1918 961 1971; x_wconf 87' lang='lat' dir='ltr'><strong>et</strong></span> <span class='ocrx_word' id='word_1_68' title='bbox 976 1906 1068 1971; x_wconf 77' lang='lat' dir='ltr'><strong>almae</strong></span> 
     </span>
     <span class='ocr_line' id='line_1_15' title="bbox 523 2006 1051 2095; baseline 0.002 -23"><span class='ocrx_word' id='word_1_69' title='bbox 523 2007 719 2095; x_wconf 87' lang='lat' dir='ltr'><strong>Progeniem</strong></span> <span class='ocrx_word' id='word_1_70' title='bbox 731 2006 872 2071; x_wconf 86' lang='lat' dir='ltr'><strong>Veneria</strong></span> <span class='ocrx_word' id='word_1_71' title='bbox 887 2030 1051 2073; x_wconf 86' lang='lat' dir='ltr'><strong>canemus.</strong></span> 
     </span>
    </p>
   </div>
   <div class='ocr_carea' id='block_1_3' title="bbox 223 2178 1379 2341">
    <p class='ocr_par' dir='ltr' id='par_1_3' title="bbox 223 2178 1379 2341">
     <span class='ocr_line' id='line_1_16' title="bbox 223 2178 1377 2323; baseline 0.002 -64"><span class='ocrx_word' id='word_1_72' title='bbox 223 2227 302 2260; x_wconf 82' lang='lat' dir='ltr'><strong>nornen</strong></span> <span class='ocrx_word' id='word_1_73' title='bbox 317 2178 384 2269; x_wconf 60' lang='lat' dir='ltr'><strong>terrie</strong></span> <span class='ocrx_word' id='word_1_74' title='bbox 392 2210 473 2279; x_wconf 79' lang='lat' dir='ltr'><strong>fercla</strong></span> <span class='ocrx_word' id='word_1_75' title='bbox 484 2212 731 2289; x_wconf 68' lang='lat' dir='ltr'><strong>regnrdir,-anqnc</strong></span> <span class='ocrx_word' id='word_1_76' title='bbox 738 2226 782 2289; x_wconf 75' lang='lat' dir='ltr'><strong>pq·</strong></span> <span class='ocrx_word' id='word_1_77' title='bbox 815 2225 863 2259; x_wconf 87' lang='lat' dir='ltr'><strong>non</strong></span> <span class='ocrx_word' id='word_1_78' title='bbox 880 2209 941 2285; x_wconf 67' lang='lat' dir='ltr'><strong>ferto</strong></span> <span class='ocrx_word' id='word_1_79' title='bbox 956 2225 1035 2323; x_wconf 56' lang='lat' dir='ltr'><strong>(qm.</strong></span> <span class='ocrx_word' id='word_1_80' title='bbox 1046 2208 1115 2264; x_wconf 83' lang='lat' dir='ltr'><strong>ieato,</strong></span> <span class='ocrx_word' id='word_1_81' title='bbox 1128 2224 1179 2258; x_wconf 87' lang='lat' dir='ltr'><strong>una</strong></span> <span class='ocrx_word' id='word_1_82' title='bbox 1189 2224 1246 2284; x_wconf 81' lang='lat' dir='ltr'><strong>cnm</strong></span> <span class='ocrx_word' id='word_1_83' title='bbox 1263 2210 1377 2287; x_wconf 77' lang='lat' dir='ltr'><strong>uxoribus</strong></span> 
     </span>
     <span class='ocr_line' id='line_1_17' title="bbox 223 2272 1379 2341; baseline 0.001 -16"><span class='ocrx_word' id='word_1_84' title='bbox 223 2286 272 2326; x_wconf 82' lang='lat' dir='ltr'><strong>tent</strong></span> <span class='ocrx_word' id='word_1_85' title='bbox 289 2285 396 2335; x_wconf 61' lang='lat' dir='ltr'><strong>munet</strong></span> <span class='ocrx_word' id='word_1_86' title='bbox 412 2294 456 2341; x_wconf 84' lang='lat' dir='ltr'><strong>qno</strong></span> <span class='ocrx_word' id='word_1_87' title='bbox 467 2276 623 2341; x_wconf 74' lang='lat' dir='ltr'><strong>fluitanttbnr</strong></span> <span class='ocrx_word' id='word_1_88' title='bbox 639 2278 710 2325; x_wconf 78' lang='lat' dir='ltr'><strong>render</strong></span> <span class='ocrx_word' id='word_1_89' title='bbox 726 2276 783 2324; x_wconf 84' lang='lat' dir='ltr'><strong>Solu</strong></span> <span class='ocrx_word' id='word_1_90' title='bbox 816 2283 902 2323; x_wconf 86' lang='lat' dir='ltr'><strong>noatrra</strong></span> <span class='ocrx_word' id='word_1_91' title='bbox 922 2284 948 2325; x_wconf 85' lang='lat' dir='ltr'><strong>et</strong></span> <span class='ocrx_word' id='word_1_92' title='bbox 979 2276 1060 2331; x_wconf 82' lang='lat' dir='ltr'><strong>rbem,</strong></span> <span class='ocrx_word' id='word_1_93' title='bbox 1082 2272 1141 2323; x_wconf 79' lang='lat' dir='ltr'><strong>deor</strong></span> <span class='ocrx_word' id='word_1_94' title='bbox 1162 2284 1218 2324; x_wconf 75' lang='lat' dir='ltr'><strong>ante</strong></span> <span class='ocrx_word' id='word_1_95' title='bbox 1240 2284 1301 2323; x_wconf 79' lang='lat' dir='ltr'><strong>luter</strong></span> <span class='ocrx_word' id='word_1_96' title='bbox 1320 2293 1379 2326; x_wconf 80' lang='lat' dir='ltr'><strong>rina</strong></span> 
     </span>
    </p>
   </div>
   <div class='ocr_carea' id='block_1_4' title="bbox 215 2338 1379 2775">
    <p class='ocr_par' dir='ltr' id='par_1_4' title="bbox 223 2338 1378 2405">
     <span class='ocr_line' id='line_1_18' title="bbox 223 2338 1378 2405; baseline 0.002 -17"><span class='ocrx_word' id='word_1_97' title='bbox 223 2342 356 2390; x_wconf 79' lang='lat' dir='ltr'><strong>anhelanter</strong></span> <span class='ocrx_word' id='word_1_98' title='bbox 366 2342 441 2389; x_wconf 84' lang='lat' dir='ltr'><strong>abluit</strong></span> <span class='ocrx_word' id='word_1_99' title='bbox 453 2342 527 2389; x_wconf 76' lang='lat' dir='ltr'><strong>crnnie</strong></span> <span class='ocrx_word' id='word_1_100' title='bbox 538 2356 610 2403; x_wconf 77' lang='lat' dir='ltr'><strong>eqncn</strong></span> <span class='ocrx_word' id='word_1_101' title='bbox 816 2338 963 2389; x_wconf 72' lang='lat' dir='ltr'><strong>solemnibus</strong></span> <span class='ocrx_word' id='word_1_102' title='bbox 977 2338 1132 2389; x_wconf 74' lang='lat' dir='ltr'><strong>libationibus</strong></span> <span class='ocrx_word' id='word_1_103' title='bbox 1148 2339 1263 2395; x_wconf 83' lang='lat' dir='ltr'><strong>venerati,</strong></span> <span class='ocrx_word' id='word_1_104' title='bbox 1282 2343 1378 2405; x_wconf 80' lang='lat' dir='ltr'><strong>egregia</strong></span> 
     </span>
    </p>

    <p class='ocr_par' dir='ltr' id='par_1_5' title="bbox 256 2402 1375 2470">
     <span class='ocr_line' id='line_1_19' title="bbox 256 2402 1375 2470; baseline -0.001 -16"><span class='ocrx_word' id='word_1_105' title='bbox 256 2406 362 2454; x_wconf 73' lang='lat'>17-24.</span> <span class='ocrx_word' id='word_1_106' title='bbox 378 2406 476 2454; x_wconf 72' lang='lat' dir='ltr'><strong>Custode</strong></span> <span class='ocrx_word' id='word_1_107' title='bbox 485 2420 563 2453; x_wconf 74' lang='lat' dir='ltr'><strong>rnnrn</strong></span> <span class='ocrx_word' id='word_1_108' title='bbox 575 2402 718 2453; x_wconf 81' lang='lat' dir='ltr'><strong>Ccrorcraic</strong></span> <span class='ocrx_word' id='word_1_109' title='bbox 729 2419 783 2470; x_wconf 84' lang='lat' dir='ltr'><strong>aup.</strong></span> <span class='ocrx_word' id='word_1_110' title='bbox 816 2402 933 2453; x_wconf 84' lang='lat' dir='ltr'><strong>bonorum</strong></span> <span class='ocrx_word' id='word_1_111' title='bbox 956 2403 1091 2470; x_wconf 87' lang='lat' dir='ltr'><strong>principum</strong></span> <span class='ocrx_word' id='word_1_112' title='bbox 1120 2403 1200 2460; x_wconf 58' lang='lat' dir='ltr'><strong>iactas</strong></span> <span class='ocrx_word' id='word_1_113' title='bbox 1217 2412 1242 2453; x_wconf 86' lang='lat' dir='ltr'><strong>et</strong></span> <span class='ocrx_word' id='word_1_114' title='bbox 1268 2404 1375 2470; x_wconf 84' lang='lat' dir='ltr'><strong>Trojam,</strong></span> 
     </span>
    </p>

    <p class='ocr_par' dir='ltr' id='par_1_6' title="bbox 223 2466 1377 2535">
     <span class='ocr_line' id='line_1_20' title="bbox 223 2466 1377 2535; baseline 0.001 -17"><span class='ocrx_word' id='word_1_115' title='bbox 223 2468 256 2528; x_wconf 87' lang='lat' dir='ltr'><strong>ir,</strong></span> <span class='ocrx_word' id='word_1_116' title='bbox 273 2472 299 2527; x_wconf 79' lang='grc'><strong>5,</strong></span> <span class='ocrx_word' id='word_1_117' title='bbox 315 2470 341 2525; x_wconf 80' lang='lat'><strong>2,</strong></span> <span class='ocrx_word' id='word_1_118' title='bbox 364 2470 469 2531; x_wconf 79' lang='lat' dir='ltr'><strong>Optimae</strong></span> <span class='ocrx_word' id='word_1_119' title='bbox 489 2470 590 2517; x_wconf 83' lang='lat' dir='ltr'><strong>liomnlc</strong></span> <span class='ocrx_word' id='word_1_120' title='bbox 607 2471 684 2535; x_wconf 74' lang='lat' dir='ltr'><strong>gentis</strong></span> <span class='ocrx_word' id='word_1_121' title='bbox 701 2477 782 2525; x_wconf 73' lang='lat' dir='ltr'><strong>cunct,</strong></span> <span class='ocrx_word' id='word_1_122' title='bbox 816 2466 881 2517; x_wconf 86' lang='lat' dir='ltr'><strong>unda</strong></span> <span class='ocrx_word' id='word_1_123' title='bbox 897 2468 1013 2533; x_wconf 84' lang='lat' dir='ltr'><strong>originem</strong></span> <span class='ocrx_word' id='word_1_124' title='bbox 1029 2476 1134 2515; x_wconf 76' lang='lat' dir='ltr'><strong>noctram</strong></span> <span class='ocrx_word' id='word_1_125' title='bbox 1149 2467 1269 2523; x_wconf 79' lang='lat' dir='ltr'><strong>ducimur,</strong></span> <span class='ocrx_word' id='word_1_126' title='bbox 1280 2478 1306 2517; x_wconf 87' lang='lat' dir='ltr'><strong>et</strong></span> <span class='ocrx_word' id='word_1_127' title='bbox 1323 2470 1377 2519; x_wconf 81' lang='lat' dir='ltr'><strong>An·</strong></span> 
     </span>
    </p>

    <p class='ocr_par' dir='ltr' id='par_1_7' title="bbox 222 2531 1377 2598">
     <span class='ocr_line' id='line_1_21' title="bbox 222 2531 1377 2598; baseline 0 -15"><span class='ocrx_word' id='word_1_128' title='bbox 222 2541 248 2583; x_wconf 85' lang='lat' dir='ltr'><strong>et</strong></span> <span class='ocrx_word' id='word_1_129' title='bbox 262 2532 368 2583; x_wconf 81' lang='lat' dir='ltr'><strong>carmine</strong></span> <span class='ocrx_word' id='word_1_130' title='bbox 378 2532 532 2583; x_wconf 80' lang='lat' dir='ltr'><strong>antecedente</strong></span> <span class='ocrx_word' id='word_1_131' title='bbox 542 2549 566 2582; x_wconf 82' lang='lat' dir='ltr'><strong>r.</strong></span> <span class='ocrx_word' id='word_1_132' title='bbox 577 2534 618 2590; x_wconf 77' lang='lat'><strong>43,</strong></span> <span class='ocrx_word' id='word_1_133' title='bbox 631 2533 713 2581; x_wconf 80' lang='lat' dir='ltr'><strong>Tutela</strong></span> <span class='ocrx_word' id='word_1_134' title='bbox 722 2550 783 2596; x_wconf 82' lang='lat' dir='ltr'><strong>prc-</strong></span> <span class='ocrx_word' id='word_1_135' title='bbox 815 2532 906 2589; x_wconf 79' lang='lat' dir='ltr'><strong>chisen,</strong></span> <span class='ocrx_word' id='word_1_136' title='bbox 919 2542 943 2583; x_wconf 88' lang='lat' dir='ltr'><strong>et</strong></span> <span class='ocrx_word' id='word_1_137' title='bbox 954 2533 1024 2581; x_wconf 73' lang='lat' dir='ltr'><strong>alme</strong></span> <span class='ocrx_word' id='word_1_138' title='bbox 1037 2531 1138 2581; x_wconf 81' lang='lat' dir='ltr'><strong>Veneria</strong></span> <span class='ocrx_word' id='word_1_139' title='bbox 1149 2532 1312 2598; x_wconf 78' lang='lat' dir='ltr'><strong>propaginem,</strong></span> <span class='ocrx_word' id='word_1_140' title='bbox 1324 2550 1377 2583; x_wconf 85' lang='lat' dir='ltr'><strong>car·</strong></span> 
     </span>
    </p>

    <p class='ocr_par' dir='ltr' id='par_1_8' title="bbox 222 2595 1377 2662">
     <span class='ocr_line' id='line_1_22' title="bbox 222 2595 1377 2662; baseline 0.001 -15"><span class='ocrx_word' id='word_1_141' title='bbox 222 2598 506 2662; x_wconf 75' lang='lat' dir='ltr'><strong>multaticdonincqne</strong></span> <span class='ocrx_word' id='word_1_142' title='bbox 518 2598 713 2647; x_wconf 81' lang='lat' dir='ltr'><strong>liorccrocatnr.</strong></span> <span class='ocrx_word' id='word_1_143' title='bbox 731 2598 784 2645; x_wconf 83' lang='lat' dir='ltr'><strong>Non</strong></span> <span class='ocrx_word' id='word_1_144' title='bbox 816 2596 922 2646; x_wconf 83' lang='lat' dir='ltr'><strong>minibur</strong></span> <span class='ocrx_word' id='word_1_145' title='bbox 939 2598 970 2646; x_wconf 87' lang='lat' dir='ltr'><strong>ad</strong></span> <span class='ocrx_word' id='word_1_146' title='bbox 987 2595 1071 2646; x_wconf 83' lang='lat' dir='ltr'><strong>medua</strong></span> <span class='ocrx_word' id='word_1_147' title='bbox 1091 2595 1179 2661; x_wconf 74' lang='lat' dir='ltr'><strong>Lydio·</strong></span> <span class='ocrx_word' id='word_1_148' title='bbox 1197 2596 1331 2645; x_wconf 74' lang='lat' dir='ltr'><strong>decantatio</strong></span> <span class='ocrx_word' id='word_1_149' title='bbox 1347 2614 1377 2648; x_wconf 86' lang='lat' dir='ltr'><strong>ex</strong></span> 
     </span>
    </p>

    <p class='ocr_par' dir='ltr' id='par_1_9' title="bbox 215 2660 1379 2775">
     <span class='ocr_line' id='line_1_23' title="bbox 215 2660 1379 2774; baseline 0 -63"><span class='ocrx_word' id='word_1_150' title='bbox 215 2662 412 2728; x_wconf 81' lang='lat' dir='ltr'><strong>suror,eeditio;</strong></span> <span class='ocrx_word' id='word_1_151' title='bbox 421 2660 783 2774; x_wconf 54' lang='lat' dir='ltr'><strong>snrneql&#39;nrneappdcim-</strong></span> <span class='ocrx_word' id='word_1_152' title='bbox 816 2676 880 2711; x_wconf 88' lang='lat' dir='ltr'><strong>more</strong></span> <span class='ocrx_word' id='word_1_153' title='bbox 896 2663 1015 2737; x_wconf 77' lang='lat' dir='ltr'><strong>majonun</strong></span> <span class='ocrx_word' id='word_1_154' title='bbox 1032 2661 1218 2710; x_wconf 82' lang='lat' dir='ltr'><strong>celebrabimur!</strong></span> <span class='ocrx_word' id='word_1_155' title='bbox 1252 2661 1379 2713; x_wconf 83' lang='lat' dir='ltr'><strong>Mollioree</strong></span> 
     </span>
     <span class='ocr_line' id='line_1_24' title="bbox 543 2742 557 2775; baseline 0 0"><span class='ocrx_word' id='word_1_156' title='bbox 543 2742 557 2775; x_wconf 84' lang='lat' dir='ltr'><strong>e</strong></span> 
     </span>
    </p>
   </div>
   <div class='ocr_carea' id='block_1_5' title="bbox 216 2726 1380 4837">
    <p class='ocr_par' dir='ltr' id='par_1_10' title="bbox 216 2726 1380 4837">
     <span class='ocr_line' id='line_1_25' title="bbox 222 2726 1379 2863; baseline 0.002 -23"><span class='ocrx_word' id='word_1_157' title='bbox 222 2742 545 2855; x_wconf 53' lang='lat' dir='ltr'><strong>innituntur,</strong></span> <span class='ocrx_word' id='word_1_158' title='bbox 567 2726 784 2855; x_wconf 60' lang='lat' dir='ltr'><strong>iifliilii’liz</strong></span> <span class='ocrx_word' id='word_1_159' title='bbox 816 2726 1379 2863; x_wconf 65' lang='lat' dir='ltr'><strong>:tnu,.nn¹tn,bn3;⁰„rs¹35¹rfn</strong></span> 
     </span>
     <span class='ocr_line' id='line_1_26' title="bbox 224 2854 1378 2929; baseline 0.003 -26"><span class='ocrx_word' id='word_1_160' title='bbox 224 2857 359 2912; x_wconf 77' lang='lat' dir='ltr'><strong>tuinultum,</strong></span> <span class='ocrx_word' id='word_1_161' title='bbox 377 2855 425 2904; x_wconf 82' lang='lat' dir='ltr'><strong>Nec</strong></span> <span class='ocrx_word' id='word_1_162' title='bbox 439 2856 497 2903; x_wconf 83' lang='lat' dir='ltr'><strong>nori</strong></span> <span class='ocrx_word' id='word_1_163' title='bbox 512 2872 555 2919; x_wconf 85' lang='lat' dir='ltr'><strong>per</strong></span> <span class='ocrx_word' id='word_1_164' title='bbox 565 2858 611 2903; x_wconf 86' lang='lat' dir='ltr'><strong>nim</strong></span> <span class='ocrx_word' id='word_1_165' title='bbox 623 2866 730 2911; x_wconf 75' lang='lat' dir='ltr'><strong>mnncm,</strong></span> <span class='ocrx_word' id='word_1_166' title='bbox 750 2864 782 2903; x_wconf 81' lang='lat' dir='ltr'><strong>tc·</strong></span> <span class='ocrx_word' id='word_1_167' title='bbox 816 2854 919 2905; x_wconf 87' lang='lat' dir='ltr'><strong>lectione</strong></span> <span class='ocrx_word' id='word_1_168' title='bbox 927 2855 965 2905; x_wconf 88' lang='lat' dir='ltr'><strong>vel</strong></span> <span class='ocrx_word' id='word_1_169' title='bbox 976 2854 1078 2903; x_wconf 87' lang='lat' dir='ltr'><strong>duriona</strong></span> <span class='ocrx_word' id='word_1_170' title='bbox 1089 2854 1180 2929; x_wconf 75' lang='lat' dir='ltr'><strong>ingenii</strong></span> <span class='ocrx_word' id='word_1_171' title='bbox 1190 2854 1311 2905; x_wconf 80' lang='lat' dir='ltr'><strong>bominem</strong></span> <span class='ocrx_word' id='word_1_172' title='bbox 1323 2874 1378 2906; x_wconf 87' lang='lat' dir='ltr'><strong>ana·</strong></span> 
     </span>
     <span class='ocr_line' id='line_1_27' title="bbox 223 2918 1377 2986; baseline 0.003 -19"><span class='ocrx_word' id='word_1_173' title='bbox 223 2920 486 2969; x_wconf 81' lang='lat' dir='ltr'><strong>nenteCaeanrcterrcr.</strong></span> <span class='ocrx_word' id='word_1_174' title='bbox 513 2920 688 2983; x_wconf 80' lang='lat' dir='ltr'><strong>Erigrtotinrn,</strong></span> <span class='ocrx_word' id='word_1_175' title='bbox 700 2932 784 2983; x_wconf 86' lang='lat' dir='ltr'><strong>pacem</strong></span> <span class='ocrx_word' id='word_1_176' title='bbox 814 2919 876 2968; x_wconf 85' lang='lat' dir='ltr'><strong>viter</strong></span> <span class='ocrx_word' id='word_1_177' title='bbox 897 2919 1010 2969; x_wconf 79' lang='lat' dir='ltr'><strong>affectum</strong></span> <span class='ocrx_word' id='word_1_178' title='bbox 1034 2918 1063 2967; x_wconf 89' lang='lat' dir='ltr'><strong>iri</strong></span> <span class='ocrx_word' id='word_1_179' title='bbox 1087 2919 1217 2969; x_wconf 76' lang='lat' dir='ltr'><strong>emtimea.</strong></span> <span class='ocrx_word' id='word_1_180' title='bbox 1258 2921 1377 2986; x_wconf 80' lang='lat' dir='ltr'><strong>Prosertir,</strong></span> 
     </span>
     <span class='ocr_line' id='line_1_28' title="bbox 223 2982 1378 3050; baseline 0.003 -18"><span class='ocrx_word' id='word_1_181' title='bbox 223 2998 253 3033; x_wconf 84' lang='lat' dir='ltr'><strong>ex</strong></span> <span class='ocrx_word' id='word_1_182' title='bbox 272 2983 370 3050; x_wconf 86' lang='lat' dir='ltr'><strong>imperio</strong></span> <span class='ocrx_word' id='word_1_183' title='bbox 388 2984 500 3033; x_wconf 86' lang='lat' dir='ltr'><strong>Romano</strong></span> <span class='ocrx_word' id='word_1_184' title='bbox 520 2982 600 3047; x_wconf 77' lang='lat' dir='ltr'><strong>abigat</strong></span> <span class='ocrx_word' id='word_1_185' title='bbox 618 2992 642 3033; x_wconf 90' lang='lat' dir='ltr'><strong>et</strong></span> <span class='ocrx_word' id='word_1_186' title='bbox 661 2982 767 3047; x_wconf 83' lang='lat' dir='ltr'><strong>expellet</strong></span> <span class='ocrx_word' id='word_1_187' title='bbox 774 3000 782 3044; x_wconf 92' lang='lat'>;</span> <span class='ocrx_word' id='word_1_188' title='bbox 814 2982 900 3033; x_wconf 82' lang='lat' dir='ltr'><strong>‹liebna</strong></span> <span class='ocrx_word' id='word_1_189' title='bbox 919 3000 1005 3050; x_wconf 83' lang='lat' dir='ltr'><strong>nempe</strong></span> <span class='ocrx_word' id='word_1_190' title='bbox 1024 2998 1073 3032; x_wconf 89' lang='lat' dir='ltr'><strong>non</strong></span> <span class='ocrx_word' id='word_1_191' title='bbox 1096 2984 1162 3033; x_wconf 81' lang='lat' dir='ltr'><strong>ieatia</strong></span> <span class='ocrx_word' id='word_1_192' title='bbox 1184 3000 1290 3049; x_wconf 91' lang='lat' dir='ltr'><strong>qnoque,</strong></span> <span class='ocrx_word' id='word_1_193' title='bbox 1311 2986 1335 3033; x_wconf 90' lang='lat' dir='ltr'><strong>b.</strong></span> <span class='ocrx_word' id='word_1_194' title='bbox 1355 3002 1378 3035; x_wconf 87' lang='lat' dir='ltr'><strong>e.</strong></span> 
     </span>
     <span class='ocr_line' id='line_1_29' title="bbox 224 3048 1378 3114; baseline 0.002 -18"><span class='ocrx_word' id='word_1_195' title='bbox 224 3050 338 3107; x_wconf 79' lang='lat' dir='ltr'><strong>inimicat,</strong></span> <span class='ocrx_word' id='word_1_196' title='bbox 355 3048 386 3098; x_wconf 82' lang='lat' dir='ltr'><strong>ad</strong></span> <span class='ocrx_word' id='word_1_197' title='bbox 403 3048 494 3097; x_wconf 88' lang='lat' dir='ltr'><strong>bellum</strong></span> <span class='ocrx_word' id='word_1_198' title='bbox 512 3048 627 3097; x_wconf 83' lang='lat' dir='ltr'><strong>concitat.</strong></span> <span class='ocrx_word' id='word_1_199' title='bbox 662 3049 710 3102; x_wconf 84' lang='lat' dir='ltr'><strong>Qui</strong></span> <span class='ocrx_word' id='word_1_200' title='bbox 729 3065 782 3111; x_wconf 84' lang='lat' dir='ltr'><strong>pro·</strong></span> <span class='ocrx_word' id='word_1_201' title='bbox 815 3048 940 3113; x_wconf 82' lang='lat' dir='ltr'><strong>quotidie;</strong></span> <span class='ocrx_word' id='word_1_202' title='bbox 961 3048 1129 3114; x_wconf 81' lang='lat' dir='ltr'><strong>uncaquiaque</strong></span> <span class='ocrx_word' id='word_1_203' title='bbox 1145 3064 1230 3113; x_wconf 85' lang='lat' dir='ltr'><strong>nempe</strong></span> <span class='ocrx_word' id='word_1_204' title='bbox 1246 3048 1306 3097; x_wconf 83' lang='lat' dir='ltr'><strong>civia</strong></span> <span class='ocrx_word' id='word_1_205' title='bbox 1321 3066 1378 3098; x_wconf 89' lang='lat' dir='ltr'><strong>curn</strong></span> 
     </span>
     <span class='ocr_line' id='line_1_30' title="bbox 216 3112 1378 3179; baseline 0.003 -19"><span class='ocrx_word' id='word_1_206' title='bbox 216 3113 325 3178; x_wconf 82' lang='lat' dir='ltr'><strong>sundnrn</strong></span> <span class='ocrx_word' id='word_1_207' title='bbox 340 3114 475 3162; x_wconf 79' lang='lat' dir='ltr'><strong>Danubium</strong></span> <span class='ocrx_word' id='word_1_208' title='bbox 490 3114 580 3161; x_wconf 77' lang='lat' dir='ltr'><strong>bibunt.</strong></span> <span class='ocrx_word' id='word_1_209' title='bbox 611 3112 667 3161; x_wconf 76' lang='lat' dir='ltr'><strong>latri</strong></span> <span class='ocrx_word' id='word_1_210' title='bbox 684 3113 782 3169; x_wconf 74' lang='lat' dir='ltr'><strong>accole,</strong></span> <span class='ocrx_word' id='word_1_211' title='bbox 816 3113 867 3161; x_wconf 75' lang='lat' dir='ltr'><strong>tuit</strong></span> <span class='ocrx_word' id='word_1_212' title='bbox 881 3112 992 3179; x_wconf 88' lang='lat' dir='ltr'><strong>privatim</strong></span> <span class='ocrx_word' id='word_1_213' title='bbox 1008 3113 1149 3177; x_wconf 65' lang='lat' dir='ltr'><strong>Augustum</strong></span> <span class='ocrx_word' id='word_1_214' title='bbox 1163 3128 1194 3161; x_wconf 84' lang='lat' dir='ltr'><strong>ex</strong></span> <span class='ocrx_word' id='word_1_215' title='bbox 1207 3122 1286 3161; x_wconf 88' lang='lat' dir='ltr'><strong>mente</strong></span> <span class='ocrx_word' id='word_1_216' title='bbox 1302 3122 1378 3179; x_wconf 70' lang='lat' dir='ltr'><strong>portia</strong></span> 
     </span>
     <span class='ocr_line' id='line_1_31' title="bbox 224 3176 1378 3243; baseline 0.001 -17"><span class='ocrx_word' id='word_1_217' title='bbox 224 3177 350 3235; x_wconf 80' lang='lat' dir='ltr'><strong>Germani,</strong></span> <span class='ocrx_word' id='word_1_218' title='bbox 368 3177 460 3235; x_wconf 72' lang='lat' dir='ltr'><strong>Rheni,</strong></span> <span class='ocrx_word' id='word_1_219' title='bbox 477 3177 550 3235; x_wconf 83' lang='lat' dir='ltr'><strong>Daci,</strong></span> <span class='ocrx_word' id='word_1_220' title='bbox 566 3184 622 3227; x_wconf 84' lang='lat' dir='ltr'><strong>cett.</strong></span> <span class='ocrx_word' id='word_1_221' title='bbox 640 3185 669 3225; x_wconf 89' lang='lat' dir='ltr'><strong>ut</strong></span> <span class='ocrx_word' id='word_1_222' title='bbox 684 3192 738 3243; x_wconf 86' lang='lat' dir='ltr'><strong>aup.</strong></span> <span class='ocrx_word' id='word_1_223' title='bbox 755 3176 782 3233; x_wconf 89' lang='lat' dir='ltr'><strong>ii,</strong></span> <span class='ocrx_word' id='word_1_224' title='bbox 833 3177 855 3226; x_wconf 89' lang='lat' dir='ltr'><strong>ie</strong></span> <span class='ocrx_word' id='word_1_225' title='bbox 876 3177 984 3226; x_wconf 83' lang='lat' dir='ltr'><strong>venerari</strong></span> <span class='ocrx_word' id='word_1_226' title='bbox 1008 3176 1099 3227; x_wconf 86' lang='lat' dir='ltr'><strong>debet:</strong></span> <span class='ocrx_word' id='word_1_227' title='bbox 1127 3179 1173 3225; x_wconf 79' lang='lat' dir='ltr'><strong>dier</strong></span> <span class='ocrx_word' id='word_1_228' title='bbox 1195 3178 1299 3243; x_wconf 67' lang='lat' dir='ltr'><strong>pretini,</strong></span> <span class='ocrx_word' id='word_1_229' title='bbox 1326 3194 1378 3238; x_wconf 77' lang='lat' dir='ltr'><strong>noe,</strong></span> 
     </span>
     <span class='ocr_line' id='line_1_32' title="bbox 223 3239 1378 3305; baseline 0.002 -16"><span class='ocrx_word' id='word_1_230' title='bbox 223 3242 267 3301; x_wconf 73' lang='lat'><strong>⁸20,</strong></span> <span class='ocrx_word' id='word_1_231' title='bbox 286 3244 328 3300; x_wconf 80' lang='lat'><strong>20,</strong></span> <span class='ocrx_word' id='word_1_232' title='bbox 350 3242 458 3291; x_wconf 78' lang='lat' dir='ltr'><strong>Rhodani</strong></span> <span class='ocrx_word' id='word_1_233' title='bbox 474 3253 561 3305; x_wconf 81' lang='lat' dir='ltr'><strong>poteret</strong></span> <span class='ocrx_word' id='word_1_234' title='bbox 579 3240 609 3291; x_wconf 88' lang='lat' dir='ltr'><strong>de</strong></span> <span class='ocrx_word' id='word_1_235' title='bbox 629 3242 724 3291; x_wconf 79' lang='lat' dir='ltr'><strong>Gallie:</strong></span> <span class='ocrx_word' id='word_1_236' title='bbox 750 3240 784 3291; x_wconf 83' lang='lat' dir='ltr'><strong>ci.</strong></span> <span class='ocrx_word' id='word_1_237' title='bbox 849 3242 1003 3305; x_wconf 71' lang='lat' dir='ltr'><strong>eniel-Tage:</strong></span> <span class='ocrx_word' id='word_1_238' title='bbox 1019 3242 1052 3290; x_wconf 80' lang='lat' dir='ltr'><strong>ci.</strong></span> <span class='ocrx_word' id='word_1_239' title='bbox 1070 3239 1114 3289; x_wconf 82' lang='lat' dir='ltr'><strong>inf.</strong></span> <span class='ocrx_word' id='word_1_240' title='bbox 1131 3240 1161 3289; x_wconf 80' lang='lat' dir='ltr'><strong>ad</strong></span> <span class='ocrx_word' id='word_1_241' title='bbox 1177 3242 1227 3289; x_wconf 88' lang='lat' dir='ltr'><strong>Sat.</strong></span> <span class='ocrx_word' id='word_1_242' title='bbox 1240 3240 1267 3296; x_wconf 86' lang='lat' dir='ltr'><strong>ii,</strong></span> <span class='ocrx_word' id='word_1_243' title='bbox 1277 3243 1303 3301; x_wconf 77' lang='lat'><strong>2,</strong></span> <span class='ocrx_word' id='word_1_244' title='bbox 1322 3244 1378 3294; x_wconf 82' lang='lat'><strong>116.</strong></span> 
     </span>
     <span class='ocr_line' id='line_1_33' title="bbox 223 3304 1379 3381; baseline 0.003 -28"><span class='ocrx_word' id='word_1_245' title='bbox 223 3320 299 3356; x_wconf 85' lang='lat' dir='ltr'><strong>carm.</strong></span> <span class='ocrx_word' id='word_1_246' title='bbox 316 3316 395 3357; x_wconf 85' lang='lat' dir='ltr'><strong>antec.</strong></span> <span class='ocrx_word' id='word_1_247' title='bbox 412 3322 436 3356; x_wconf 86' lang='lat' dir='ltr'><strong>r.</strong></span> <span class='ocrx_word' id='word_1_248' title='bbox 455 3306 496 3356; x_wconf 80' lang='lat'><strong>46.</strong></span> <span class='ocrx_word' id='word_1_249' title='bbox 529 3307 614 3356; x_wconf 81' lang='lat' dir='ltr'><strong>Edicto</strong></span> <span class='ocrx_word' id='word_1_250' title='bbox 633 3306 710 3362; x_wconf 81' lang='lat' dir='ltr'><strong>Jrrtic,</strong></span> <span class='ocrx_word' id='word_1_251' title='bbox 730 3320 785 3371; x_wconf 79' lang='lat' dir='ltr'><strong>qun</strong></span> <span class='ocrx_word' id='word_1_252' title='bbox 818 3304 884 3355; x_wconf 81' lang='lat' dir='ltr'><strong>lnter</strong></span> <span class='ocrx_word' id='word_1_253' title='bbox 887 3310 961 3381; x_wconf 78' lang='lat' dir='ltr'><strong>jecori</strong></span> <span class='ocrx_word' id='word_1_254' title='bbox 972 3322 1068 3354; x_wconf 73' lang='lat' dir='ltr'><strong>nanno</strong></span> <span class='ocrx_word' id='word_1_255' title='bbox 1079 3304 1167 3360; x_wconf 79' lang='lat' dir='ltr'><strong>Liberi,</strong></span> <span class='ocrx_word' id='word_1_256' title='bbox 1179 3304 1304 3354; x_wconf 74' lang='lat' dir='ltr'><strong>libatione·</strong></span> <span class='ocrx_word' id='word_1_257' title='bbox 1314 3308 1379 3357; x_wconf 89' lang='lat' dir='ltr'><strong>enim</strong></span> 
     </span>
     <span class='ocr_line' id='line_1_34' title="bbox 224 3368 1379 3437; baseline 0 -18"><span class='ocrx_word' id='word_1_258' title='bbox 224 3370 352 3437; x_wconf 70' lang='lat' dir='ltr'><strong>Augustus</strong></span> <span class='ocrx_word' id='word_1_259' title='bbox 372 3372 399 3420; x_wconf 91' lang='lat' dir='ltr'><strong>in</strong></span> <span class='ocrx_word' id='word_1_260' title='bbox 419 3372 486 3437; x_wconf 83' lang='lat' dir='ltr'><strong>pecie</strong></span> <span class='ocrx_word' id='word_1_261' title='bbox 506 3370 683 3419; x_wconf 80' lang='lat' dir='ltr'><strong>conditionibus</strong></span> <span class='ocrx_word' id='word_1_262' title='bbox 705 3372 785 3419; x_wconf 81' lang='lat' dir='ltr'><strong>obaer-</strong></span> <span class='ocrx_word' id='word_1_263' title='bbox 817 3385 908 3419; x_wconf 82' lang='lat' dir='ltr'><strong>menna</strong></span> <span class='ocrx_word' id='word_1_264' title='bbox 925 3370 1036 3419; x_wconf 68' lang='lat' dir='ltr'><strong>mundis</strong></span> <span class='ocrx_word' id='word_1_265' title='bbox 1052 3368 1114 3418; x_wconf 84' lang='lat' dir='ltr'><strong>inter</strong></span> <span class='ocrx_word' id='word_1_266' title='bbox 1132 3369 1188 3418; x_wconf 86' lang='lat' dir='ltr'><strong>rina</strong></span> <span class='ocrx_word' id='word_1_267' title='bbox 1205 3369 1298 3419; x_wconf 77' lang='lat' dir='ltr'><strong>institui</strong></span> <span class='ocrx_word' id='word_1_268' title='bbox 1316 3370 1379 3420; x_wconf 84' lang='lat' dir='ltr'><strong>aole·</strong></span> 
     </span>
     <span class='ocr_line' id='line_1_35' title="bbox 224 3433 1378 3511; baseline 0.002 -28"><span class='ocrx_word' id='word_1_269' title='bbox 224 3436 303 3485; x_wconf 84' lang='lat' dir='ltr'><strong>venda</strong></span> <span class='ocrx_word' id='word_1_270' title='bbox 321 3436 465 3511; x_wconf 67' lang='lat' dir='ltr'><strong>prescripsit</strong></span> <span class='ocrx_word' id='word_1_271' title='bbox 484 3434 554 3483; x_wconf 82' lang='lat' dir='ltr'><strong>victis</strong></span> <span class='ocrx_word' id='word_1_272' title='bbox 571 3434 677 3501; x_wconf 81' lang='lat' dir='ltr'><strong>pepulit.</strong></span> <span class='ocrx_word' id='word_1_273' title='bbox 709 3434 785 3483; x_wconf 81' lang='lat' dir='ltr'><strong>Getoe:</strong></span> <span class='ocrx_word' id='word_1_274' title='bbox 818 3436 892 3483; x_wconf 83' lang='lat' dir='ltr'><strong>baut:</strong></span> <span class='ocrx_word' id='word_1_275' title='bbox 910 3434 982 3483; x_wconf 76' lang='lat' dir='ltr'><strong>eiau</strong></span> <span class='ocrx_word' id='word_1_276' title='bbox 1003 3433 1053 3489; x_wconf 88' lang='lat' dir='ltr'><strong>.iv,</strong></span> <span class='ocrx_word' id='word_1_277' title='bbox 1069 3434 1147 3491; x_wconf 69' lang='lat' dir='ltr'><strong>aaa.</strong></span> <span class='ocrx_word' id='word_1_278' title='bbox 1173 3434 1378 3501; x_wconf 68' lang='lat' dir='ltr'><strong>leoncium.</strong></span> 
     </span>
     <span class='ocr_line' id='line_1_36' title="bbox 224 3452 1377 3566; baseline -0.003 -16"><span class='ocrx_word' id='word_1_279' title='bbox 224 3500 289 3551; x_wconf 84' lang='lat' dir='ltr'><strong>ultra</strong></span> <span class='ocrx_word' id='word_1_280' title='bbox 300 3502 373 3549; x_wconf 76' lang='lat' dir='ltr'><strong>Decor</strong></span> <span class='ocrx_word' id='word_1_281' title='bbox 388 3499 485 3566; x_wconf 80' lang='lat' dir='ltr'><strong>quidem</strong></span> <span class='ocrx_word' id='word_1_282' title='bbox 503 3499 627 3549; x_wconf 83' lang='lat' dir='ltr'><strong>Orientem</strong></span> <span class='ocrx_word' id='word_1_283' title='bbox 643 3506 668 3547; x_wconf 89' lang='lat' dir='ltr'><strong>et</strong></span> <span class='ocrx_word' id='word_1_284' title='bbox 685 3508 783 3565; x_wconf 85' lang='lat' dir='ltr'><strong>pontum</strong></span> <span class='ocrx_word' id='word_1_285' title='bbox 816 3498 905 3557; x_wconf 67' lang='lat' dir='ltr'><strong>inm,</strong></span> <span class='ocrx_word' id='word_1_286' title='bbox 920 3452 1138 3554; x_wconf 70' lang='lat' dir='ltr'><strong>larbrunnen.</strong></span> <span class='ocrx_word' id='word_1_287' title='bbox 1169 3498 1262 3547; x_wconf 76' lang='lat' dir='ltr'><strong>Virtute</strong></span> <span class='ocrx_word' id='word_1_288' title='bbox 1268 3499 1377 3563; x_wconf 71' lang='lat' dir='ltr'><strong>functos,</strong></span> 
     </span>
     <span class='ocr_line' id='line_1_37' title="bbox 225 3561 1379 3637; baseline -0.002 -24"><span class='ocrx_word' id='word_1_289' title='bbox 225 3564 348 3613; x_wconf 83' lang='lat' dir='ltr'><strong>Euxinum</strong></span> <span class='ocrx_word' id='word_1_290' title='bbox 364 3579 446 3613; x_wconf 82' lang='lat' dir='ltr'><strong>verrur</strong></span> <span class='ocrx_word' id='word_1_291' title='bbox 464 3562 496 3611; x_wconf 85' lang='lat' dir='ltr'><strong>ad</strong></span> <span class='ocrx_word' id='word_1_292' title='bbox 513 3563 602 3613; x_wconf 86' lang='lat' dir='ltr'><strong>latrum</strong></span> <span class='ocrx_word' id='word_1_293' title='bbox 621 3562 701 3613; x_wconf 82' lang='lat' dir='ltr'><strong>cedem</strong></span> <span class='ocrx_word' id='word_1_294' title='bbox 716 3579 784 3612; x_wconf 83' lang='lat' dir='ltr'><strong>ruarn</strong></span> <span class='ocrx_word' id='word_1_295' title='bbox 816 3562 911 3612; x_wconf 81' lang='lat' dir='ltr'><strong>virtutis</strong></span> <span class='ocrx_word' id='word_1_296' title='bbox 927 3562 1008 3619; x_wconf 86' lang='lat' dir='ltr'><strong>laude,</strong></span> <span class='ocrx_word' id='word_1_297' title='bbox 1026 3576 1076 3637; x_wconf 85' lang='lat' dir='ltr'><strong>qua</strong></span> <span class='ocrx_word' id='word_1_298' title='bbox 1093 3561 1198 3611; x_wconf 83' lang='lat' dir='ltr'><strong>muneria</strong></span> <span class='ocrx_word' id='word_1_299' title='bbox 1215 3562 1252 3610; x_wconf 86' lang='lat' dir='ltr'><strong>aui</strong></span> <span class='ocrx_word' id='word_1_300' title='bbox 1270 3562 1379 3627; x_wconf 86' lang='lat' dir='ltr'><strong>partibua</strong></span> 
     </span>
     <span class='ocr_line' id='line_1_38' title="bbox 224 3626 1378 3693; baseline 0 -16"><span class='ocrx_word' id='word_1_301' title='bbox 224 3627 347 3678; x_wconf 78' lang='lat' dir='ltr'><strong>hebebant</strong></span> <span class='ocrx_word' id='word_1_302' title='bbox 364 3629 437 3685; x_wconf 76' lang='lat' dir='ltr'><strong>Gerr,</strong></span> <span class='ocrx_word' id='word_1_303' title='bbox 455 3627 503 3677; x_wconf 79' lang='lat' dir='ltr'><strong>rid.</strong></span> <span class='ocrx_word' id='word_1_304' title='bbox 521 3628 599 3677; x_wconf 90' lang='lat' dir='ltr'><strong>Strab.</strong></span> <span class='ocrx_word' id='word_1_305' title='bbox 618 3627 658 3685; x_wconf 85' lang='lat' dir='ltr'><strong>rii,</strong></span> <span class='ocrx_word' id='word_1_306' title='bbox 676 3644 700 3693; x_wconf 91' lang='lat' dir='ltr'><strong>p.</strong></span> <span class='ocrx_word' id='word_1_307' title='bbox 719 3628 767 3677; x_wconf 76' lang='lat'><strong>467</strong></span> <span class='ocrx_word' id='word_1_308' title='bbox 777 3646 783 3689; x_wconf 90' lang='lat'>;</span> <span class='ocrx_word' id='word_1_309' title='bbox 816 3626 910 3692; x_wconf 76' lang='lat' dir='ltr'><strong>egregie</strong></span> <span class='ocrx_word' id='word_1_310' title='bbox 926 3627 1045 3693; x_wconf 79' lang='lat' dir='ltr'><strong>perfuncti</strong></span> <span class='ocrx_word' id='word_1_311' title='bbox 1063 3634 1128 3681; x_wconf 81' lang='lat' dir='ltr'><strong>tunt,</strong></span> <span class='ocrx_word' id='word_1_312' title='bbox 1144 3626 1221 3675; x_wconf 79' lang='lat' dir='ltr'><strong>claros</strong></span> <span class='ocrx_word' id='word_1_313' title='bbox 1235 3634 1260 3675; x_wconf 87' lang='lat' dir='ltr'><strong>et</strong></span> <span class='ocrx_word' id='word_1_314' title='bbox 1276 3627 1378 3687; x_wconf 75' lang='lat' dir='ltr'><strong>nobiles,</strong></span> 
     </span>
     <span class='ocr_line' id='line_1_39' title="bbox 223 3690 1378 3767; baseline -0.001 -25"><span class='ocrx_word' id='word_1_315' title='bbox 223 3692 266 3742; x_wconf 82' lang='lat' dir='ltr'><strong>aed</strong></span> <span class='ocrx_word' id='word_1_316' title='bbox 284 3691 417 3759; x_wconf 82' lang='lat' dir='ltr'><strong>promiscue</strong></span> <span class='ocrx_word' id='word_1_317' title='bbox 434 3708 449 3741; x_wconf 88' lang='lat' dir='ltr'><strong>a</strong></span> <span class='ocrx_word' id='word_1_318' title='bbox 465 3692 584 3742; x_wconf 82' lang='lat' dir='ltr'><strong>Romania</strong></span> <span class='ocrx_word' id='word_1_319' title='bbox 616 3708 641 3740; x_wconf 89' lang='lat' dir='ltr'><strong>ro</strong></span> <span class='ocrx_word' id='word_1_320' title='bbox 656 3692 728 3741; x_wconf 78' lang='lat' dir='ltr'><strong>Docte</strong></span> <span class='ocrx_word' id='word_1_321' title='bbox 741 3708 784 3759; x_wconf 93' lang='lat' dir='ltr'><strong>po-</strong></span> <span class='ocrx_word' id='word_1_322' title='bbox 818 3691 936 3767; x_wconf 75' lang='lat' dir='ltr'><strong>principat</strong></span> <span class='ocrx_word' id='word_1_323' title='bbox 951 3690 1065 3755; x_wconf 74' lang='lat' dir='ltr'><strong>egregioa.</strong></span> <span class='ocrx_word' id='word_1_324' title='bbox 1094 3690 1160 3738; x_wconf 83' lang='lat' dir='ltr'><strong>More</strong></span> <span class='ocrx_word' id='word_1_325' title='bbox 1172 3702 1281 3752; x_wconf 74' lang='lat' dir='ltr'><strong>pernen:</strong></span> <span class='ocrx_word' id='word_1_326' title='bbox 1300 3696 1378 3741; x_wconf 83' lang='lat' dir='ltr'><strong>conoi-</strong></span> 
     </span>
     <span class='ocr_line' id='line_1_40' title="bbox 225 3708 1380 3821; baseline 0.002 -16"><span class='ocrx_word' id='word_1_327' title='bbox 225 3766 328 3807; x_wconf 89' lang='lat' dir='ltr'><strong>nnntur:</strong></span> <span class='ocrx_word' id='word_1_328' title='bbox 343 3756 514 3813; x_wconf 83' lang='lat' dir='ltr'><strong>vid.Plin.ir,</strong></span> <span class='ocrx_word' id='word_1_329' title='bbox 531 3758 570 3805; x_wconf 76' lang='lat'><strong>12.</strong></span> <span class='ocrx_word' id='word_1_330' title='bbox 599 3708 657 3805; x_wconf 60' lang='lat' dir='ltr'><strong>buri</strong></span> <span class='ocrx_word' id='word_1_331' title='bbox 674 3754 710 3804; x_wconf 91' lang='lat' dir='ltr'><strong>illi</strong></span> <span class='ocrx_word' id='word_1_332' title='bbox 728 3766 785 3805; x_wconf 88' lang='lat' dir='ltr'><strong>aunt</strong></span> <span class='ocrx_word' id='word_1_333' title='bbox 815 3774 855 3805; x_wconf 77' lang='lat' dir='ltr'><strong>oca</strong></span> <span class='ocrx_word' id='word_1_334' title='bbox 869 3772 934 3806; x_wconf 79' lang='lat' dir='ltr'><strong>enim</strong></span> <span class='ocrx_word' id='word_1_335' title='bbox 948 3757 975 3804; x_wconf 85' lang='lat' dir='ltr'><strong>in</strong></span> <span class='ocrx_word' id='word_1_336' title='bbox 991 3757 1065 3819; x_wconf 72' lang='lat' dir='ltr'><strong>epuiis</strong></span> <span class='ocrx_word' id='word_1_337' title='bbox 1076 3754 1142 3821; x_wconf 86' lang='lat' dir='ltr'><strong>apud</strong></span> <span class='ocrx_word' id='word_1_338' title='bbox 1152 3763 1243 3805; x_wconf 85' lang='lat' dir='ltr'><strong>reterea</strong></span> <span class='ocrx_word' id='word_1_339' title='bbox 1255 3756 1380 3807; x_wconf 82' lang='lat' dir='ltr'><strong>Romanoa</strong></span> 
     </span>
     <span class='ocr_line' id='line_1_41' title="bbox 224 3821 1378 3887; baseline 0 -17"><span class='ocrx_word' id='word_1_340' title='bbox 224 3821 328 3887; x_wconf 88' lang='lat' dir='ltr'><strong>primum</strong></span> <span class='ocrx_word' id='word_1_341' title='bbox 346 3824 379 3871; x_wconf 92' lang='lat' dir='ltr'><strong>U.</strong></span> <span class='ocrx_word' id='word_1_342' title='bbox 391 3822 421 3872; x_wconf 83' lang='lat' dir='ltr'><strong>C·</strong></span> <span class='ocrx_word' id='word_1_343' title='bbox 439 3838 574 3871; x_wconf 77' lang='lat' dir='ltr'><strong>cccxxxiv</strong></span> <span class='ocrx_word' id='word_1_344' title='bbox 588 3836 602 3871; x_wconf 87' lang='lat' dir='ltr'><strong>a</strong></span> <span class='ocrx_word' id='word_1_345' title='bbox 614 3821 732 3869; x_wconf 87' lang='lat' dir='ltr'><strong>Lentulo:</strong></span> <span class='ocrx_word' id='word_1_346' title='bbox 751 3821 784 3870; x_wconf 87' lang='lat' dir='ltr'><strong>ci.</strong></span> <span class='ocrx_word' id='word_1_347' title='bbox 815 3824 892 3870; x_wconf 84' lang='lat' dir='ltr'><strong>rolitcr</strong></span> <span class='ocrx_word' id='word_1_348' title='bbox 900 3821 981 3886; x_wconf 81' lang='lat' dir='ltr'><strong>suine</strong></span> <span class='ocrx_word' id='word_1_349' title='bbox 993 3835 1076 3869; x_wconf 74' lang='lat' dir='ltr'><strong>mnan</strong></span> <span class='ocrx_word' id='word_1_350' title='bbox 1087 3824 1118 3868; x_wconf 80' lang='lat' dir='ltr'><strong>cd</strong></span> <span class='ocrx_word' id='word_1_351' title='bbox 1134 3822 1248 3868; x_wconf 80' lang='lat' dir='ltr'><strong>tibicinem</strong></span> <span class='ocrx_word' id='word_1_352' title='bbox 1261 3824 1289 3868; x_wconf 77' lang='lat' dir='ltr'><strong>dc</strong></span> <span class='ocrx_word' id='word_1_353' title='bbox 1303 3824 1378 3871; x_wconf 80' lang='lat' dir='ltr'><strong>clero·</strong></span> 
     </span>
     <span class='ocr_line' id='line_1_42' title="bbox 225 3884 1378 4001; baseline 0.002 -2"><span class='ocrx_word' id='word_1_354' title='bbox 225 3885 786 4001; x_wconf 60' lang='lat' dir='ltr'><strong>:trittiltibii‘ltl*siti-‘titi</strong></span> <span class='ocrx_word' id='word_1_355' title='bbox 816 3884 1378 4001; x_wconf 53' lang='lat' dir='ltr'><strong>tuti‘&#39;t&#39;‘tltltltilttitfttt·</strong></span> 
     </span>
     <span class='ocr_line' id='line_1_43' title="bbox 224 3965 1377 4091; baseline 0 -27"><span class='ocrx_word' id='word_1_356' title='bbox 224 4014 290 4064; x_wconf 86' lang='lat' dir='ltr'><strong>enim</strong></span> <span class='ocrx_word' id='word_1_357' title='bbox 305 4017 343 4066; x_wconf 83' lang='lat' dir='ltr'><strong>rel</strong></span> <span class='ocrx_word' id='word_1_358' title='bbox 360 4014 425 4074; x_wconf 89' lang='lat' dir='ltr'><strong>Indi,</strong></span> <span class='ocrx_word' id='word_1_359' title='bbox 438 3986 565 4091; x_wconf 69' lang='lat' dir='ltr'><strong>postquam</strong></span> <span class='ocrx_word' id='word_1_360' title='bbox 583 4016 675 4081; x_wconf 75' lang='lat' dir='ltr'><strong>legator</strong></span> <span class='ocrx_word' id='word_1_361' title='bbox 687 4014 718 4063; x_wconf 87' lang='lat' dir='ltr'><strong>ad</strong></span> <span class='ocrx_word' id='word_1_362' title='bbox 730 4014 783 4064; x_wconf 83' lang='lat' dir='ltr'><strong>Au·</strong></span> <span class='ocrx_word' id='word_1_363' title='bbox 818 4014 892 4089; x_wconf 61' lang='lat' dir='ltr'><strong>Lydia</strong></span> <span class='ocrx_word' id='word_1_364' title='bbox 911 3985 1007 4063; x_wconf 49' lang='lat' dir='ltr'><strong>:emitto</strong></span> <span class='ocrx_word' id='word_1_365' title='bbox 1025 4017 1127 4062; x_wconf 72' lang='lat' dir='ltr'><strong>carmine</strong></span> <span class='ocrx_word' id='word_1_366' title='bbox 1146 3965 1218 4070; x_wconf 50' lang='lat' dir='ltr'><strong>rutil,</strong></span> <span class='ocrx_word' id='word_1_367' title='bbox 1237 4013 1264 4062; x_wconf 90' lang='lat' dir='ltr'><strong>b.</strong></span> <span class='ocrx_word' id='word_1_368' title='bbox 1281 4030 1304 4063; x_wconf 89' lang='lat' dir='ltr'><strong>e.</strong></span> <span class='ocrx_word' id='word_1_369' title='bbox 1324 4031 1377 4065; x_wconf 87' lang='lat' dir='ltr'><strong>car-</strong></span> 
     </span>
     <span class='ocr_line' id='line_1_44' title="bbox 224 4076 1377 4154; baseline 0.001 -26"><span class='ocrx_word' id='word_1_370' title='bbox 224 4088 331 4143; x_wconf 80' lang='lat' dir='ltr'><strong>guatum,</strong></span> <span class='ocrx_word' id='word_1_371' title='bbox 358 4081 401 4146; x_wconf 92' lang='lat' dir='ltr'><strong>qui</strong></span> <span class='ocrx_word' id='word_1_372' title='bbox 430 4095 484 4145; x_wconf 81' lang='lat' dir='ltr'><strong>eJua</strong></span> <span class='ocrx_word' id='word_1_373' title='bbox 512 4080 642 4129; x_wconf 83' lang='lat' dir='ltr'><strong>amicitiam</strong></span> <span class='ocrx_word' id='word_1_374' title='bbox 669 4088 784 4145; x_wconf 87' lang='lat' dir='ltr'><strong>peterent,</strong></span> <span class='ocrx_word' id='word_1_375' title='bbox 817 4094 881 4127; x_wconf 80' lang='lat' dir='ltr'><strong>mine</strong></span> <span class='ocrx_word' id='word_1_376' title='bbox 902 4094 958 4128; x_wconf 88' lang='lat' dir='ltr'><strong>curn</strong></span> <span class='ocrx_word' id='word_1_377' title='bbox 987 4078 1107 4134; x_wconf 72' lang='lat' dir='ltr'><strong>tibiarum,</strong></span> <span class='ocrx_word' id='word_1_378' title='bbox 1129 4085 1155 4125; x_wconf 84' lang='lat' dir='ltr'><strong>et</strong></span> <span class='ocrx_word' id='word_1_379' title='bbox 1178 4076 1261 4125; x_wconf 85' lang='lat' dir='ltr'><strong>morloa</strong></span> <span class='ocrx_word' id='word_1_380' title='bbox 1288 4078 1377 4154; x_wconf 59' lang='lat' dir='ltr'><strong>Lydios</strong></span> 
     </span>
     <span class='ocr_line' id='line_1_45' title="bbox 225 4141 1378 4210; baseline 0.003 -18"><span class='ocrx_word' id='word_1_381' title='bbox 225 4144 380 4194; x_wconf 81' lang='lat' dir='ltr'><strong>Antiochiam</strong></span> <span class='ocrx_word' id='word_1_382' title='bbox 400 4145 514 4193; x_wconf 81' lang='lat' dir='ltr'><strong>miserant</strong></span> <span class='ocrx_word' id='word_1_383' title='bbox 531 4142 575 4207; x_wconf 88' lang='lat' dir='ltr'><strong>(de</strong></span> <span class='ocrx_word' id='word_1_384' title='bbox 591 4160 640 4210; x_wconf 90' lang='lat' dir='ltr'><strong>qua</strong></span> <span class='ocrx_word' id='word_1_385' title='bbox 658 4143 785 4209; x_wconf 79' lang='lat' dir='ltr'><strong>legatione,</strong></span> <span class='ocrx_word' id='word_1_386' title='bbox 817 4142 947 4198; x_wconf 88' lang='lat' dir='ltr'><strong>edentium,</strong></span> <span class='ocrx_word' id='word_1_387' title='bbox 971 4150 1043 4191; x_wconf 86' lang='lat' dir='ltr'><strong>cantu</strong></span> <span class='ocrx_word' id='word_1_388' title='bbox 1066 4141 1168 4190; x_wconf 83' lang='lat' dir='ltr'><strong>invicem</strong></span> <span class='ocrx_word' id='word_1_389' title='bbox 1190 4157 1216 4192; x_wconf 82' lang='lat' dir='ltr'><strong>ae</strong></span> <span class='ocrx_word' id='word_1_390' title='bbox 1235 4142 1378 4210; x_wconf 82' lang='lat' dir='ltr'><strong>excipiente.</strong></span> 
     </span>
     <span class='ocr_line' id='line_1_46' title="bbox 225 4206 1380 4273; baseline 0.001 -16"><span class='ocrx_word' id='word_1_391' title='bbox 225 4209 337 4273; x_wconf 83' lang='lat' dir='ltr'><strong>Augrnto</strong></span> <span class='ocrx_word' id='word_1_392' title='bbox 356 4208 601 4266; x_wconf 75' lang='lat' dir='ltr'><strong>homnficeniasina,</strong></span> <span class='ocrx_word' id='word_1_393' title='bbox 620 4207 669 4256; x_wconf 89' lang='lat' dir='ltr'><strong>vid.</strong></span> <span class='ocrx_word' id='word_1_394' title='bbox 688 4210 785 4258; x_wconf 84' lang='lat' dir='ltr'><strong>Sueten.</strong></span> <span class='ocrx_word' id='word_1_395' title='bbox 819 4208 877 4257; x_wconf 89' lang='lat' dir='ltr'><strong>Noti</strong></span> <span class='ocrx_word' id='word_1_396' title='bbox 898 4206 964 4272; x_wconf 85' lang='lat' dir='ltr'><strong>apud</strong></span> <span class='ocrx_word' id='word_1_397' title='bbox 982 4206 1120 4256; x_wconf 58' lang='lat' dir='ltr'><strong>retermin</strong></span> <span class='ocrx_word' id='word_1_398' title='bbox 1142 4216 1192 4255; x_wconf 80' lang='lat' dir='ltr'><strong>ane</strong></span> <span class='ocrx_word' id='word_1_399' title='bbox 1209 4208 1302 4257; x_wconf 87' lang='lat' dir='ltr'><strong>muaica</strong></span> <span class='ocrx_word' id='word_1_400' title='bbox 1322 4207 1380 4259; x_wconf 82' lang='lat' dir='ltr'><strong>aunt</strong></span> 
     </span>
     <span class='ocr_line' id='line_1_47' title="bbox 225 4271 1377 4341; baseline -0.001 -19"><span class='ocrx_word' id='word_1_401' title='bbox 225 4274 292 4337; x_wconf 75' lang='lat' dir='ltr'><strong>Aug.</strong></span> <span class='ocrx_word' id='word_1_402' title='bbox 310 4272 361 4324; x_wconf 85' lang='lat' dir='ltr'><strong>Vit.</strong></span> <span class='ocrx_word' id='word_1_403' title='bbox 375 4288 398 4323; x_wconf 85' lang='lat' dir='ltr'><strong>e.</strong></span> <span class='ocrx_word' id='word_1_404' title='bbox 416 4274 472 4337; x_wconf 81' lang='lat'><strong>21),</strong></span> <span class='ocrx_word' id='word_1_405' title='bbox 490 4288 533 4339; x_wconf 91' lang='lat' dir='ltr'><strong>pro</strong></span> <span class='ocrx_word' id='word_1_406' title='bbox 551 4272 655 4341; x_wconf 78' lang='lat' dir='ltr'><strong>populis,</strong></span> <span class='ocrx_word' id='word_1_407' title='bbox 674 4274 715 4339; x_wconf 90' lang='lat' dir='ltr'><strong>qui</strong></span> <span class='ocrx_word' id='word_1_408' title='bbox 734 4273 786 4321; x_wconf 80' lang='lat' dir='ltr'><strong>ltc-</strong></span> <span class='ocrx_word' id='word_1_409' title='bbox 817 4274 879 4319; x_wconf 81' lang='lat' dir='ltr'><strong>mccii</strong></span> <span class='ocrx_word' id='word_1_410' title='bbox 895 4272 975 4327; x_wconf 82' lang='lat' dir='ltr'><strong>Dorii,</strong></span> <span class='ocrx_word' id='word_1_411' title='bbox 990 4271 1061 4327; x_wconf 86' lang='lat' dir='ltr'><strong>lonii,</strong></span> <span class='ocrx_word' id='word_1_412' title='bbox 1076 4272 1156 4335; x_wconf 77' lang='lat' dir='ltr'><strong>Lydii,</strong></span> <span class='ocrx_word' id='word_1_413' title='bbox 1171 4272 1251 4330; x_wconf 84' lang='lat' dir='ltr'><strong>AEolii,</strong></span> <span class='ocrx_word' id='word_1_414' title='bbox 1266 4274 1377 4337; x_wconf 71' lang='lat' dir='ltr'><strong>Phrygii,</strong></span> 
     </span>
     <span class='ocr_line' id='line_1_48' title="bbox 223 4402 1378 4533; baseline -0.003 -16"><span class='ocrx_word' id='word_1_415' title='bbox 223 4421 458 4517; x_wconf 48' lang='lat' dir='ltr'><strong>fflmfflam</strong></span> <span class='ocrx_word' id='word_1_416' title='bbox 469 4417 721 4532; x_wconf 46' lang='lat' dir='ltr'><strong>accolaeffibrlhgpe</strong></span> <span class='ocrx_word' id='word_1_417' title='bbox 733 4402 775 4467; x_wconf 57' lang='lat' dir='ltr'><strong>stu</strong></span> <span class='ocrx_word' id='word_1_418' title='bbox 817 4416 1064 4533; x_wconf 61' lang='lat' dir='ltr'><strong>interpretanti.</strong></span> <span class='ocrx_word' id='word_1_419' title='bbox 1092 4466 1164 4513; x_wconf 76' lang='lat' dir='ltr'><strong>Alme</strong></span> <span class='ocrx_word' id='word_1_420' title='bbox 1183 4438 1318 4527; x_wconf 66' lang='lat' dir='ltr'><strong>Progeniem</strong></span> <span class='ocrx_word' id='word_1_421' title='bbox 1336 4439 1378 4515; x_wconf 54' lang='lat' dir='ltr'><strong>Vc:</strong></span> 
     </span>
     <span class='ocr_line' id='line_1_49' title="bbox 257 4528 1379 4597; baseline -0.002 -16"><span class='ocrx_word' id='word_1_422' title='bbox 257 4533 364 4581; x_wconf 75' lang='lat'><strong>25-32.</strong></span> <span class='ocrx_word' id='word_1_423' title='bbox 385 4531 474 4595; x_wconf 78' lang='lat' dir='ltr'><strong>Narque</strong></span> <span class='ocrx_word' id='word_1_424' title='bbox 492 4541 515 4579; x_wconf 84' lang='lat' dir='ltr'><strong>et</strong></span> <span class='ocrx_word' id='word_1_425' title='bbox 531 4532 639 4597; x_wconf 66' lang='lat' dir='ltr'><strong>pinnen</strong></span> <span class='ocrx_word' id='word_1_426' title='bbox 656 4532 746 4579; x_wconf 72' lang='lat' dir='ltr'><strong>tantm</strong></span> <span class='ocrx_word' id='word_1_427' title='bbox 763 4541 785 4580; x_wconf 83' lang='lat' dir='ltr'><strong>et</strong></span> <span class='ocrx_word' id='word_1_428' title='bbox 816 4534 887 4587; x_wconf 65' lang='lat' dir='ltr'><strong>neria</strong></span> <span class='ocrx_word' id='word_1_429' title='bbox 905 4528 1014 4593; x_wconf 84' lang='lat' dir='ltr'><strong>adeoque</strong></span> <span class='ocrx_word' id='word_1_430' title='bbox 1030 4529 1169 4590; x_wconf 74' lang='lat' dir='ltr'><strong>Augustum</strong></span> <span class='ocrx_word' id='word_1_431' title='bbox 1184 4544 1289 4592; x_wconf 89' lang='lat' dir='ltr'><strong>quoque,</strong></span> <span class='ocrx_word' id='word_1_432' title='bbox 1306 4545 1379 4593; x_wconf 91' lang='lat' dir='ltr'><strong>quem</strong></span> 
     </span>
     <span class='ocr_line' id='line_1_50' title="bbox 223 4591 1378 4661; baseline 0.001 -18"><span class='ocrx_word' id='word_1_433' title='bbox 223 4598 305 4651; x_wconf 74' lang='lat' dir='ltr'><strong>sceris,</strong></span> <span class='ocrx_word' id='word_1_434' title='bbox 328 4602 386 4645; x_wconf 90' lang='lat' dir='ltr'><strong>cett.</strong></span> <span class='ocrx_word' id='word_1_435' title='bbox 410 4610 511 4645; x_wconf 77' lang='lat' dir='ltr'><strong>centua:</strong></span> <span class='ocrx_word' id='word_1_436' title='bbox 541 4610 585 4644; x_wconf 80' lang='lat' dir='ltr'><strong>nna</strong></span> <span class='ocrx_word' id='word_1_437' title='bbox 607 4611 671 4653; x_wconf 86' lang='lat' dir='ltr'><strong>vero,</strong></span> <span class='ocrx_word' id='word_1_438' title='bbox 696 4596 785 4661; x_wconf 84' lang='lat' dir='ltr'><strong>quibua</strong></span> <span class='ocrx_word' id='word_1_439' title='bbox 818 4610 860 4661; x_wconf 91' lang='lat' dir='ltr'><strong>per</strong></span> <span class='ocrx_word' id='word_1_440' title='bbox 882 4593 1032 4659; x_wconf 83' lang='lat' dir='ltr'><strong>adoptionem</strong></span> <span class='ocrx_word' id='word_1_441' title='bbox 1055 4595 1081 4642; x_wconf 91' lang='lat' dir='ltr'><strong>in</strong></span> <span class='ocrx_word' id='word_1_442' title='bbox 1103 4600 1196 4657; x_wconf 83' lang='lat' dir='ltr'><strong>gentem</strong></span> <span class='ocrx_word' id='word_1_443' title='bbox 1223 4591 1324 4651; x_wconf 81' lang='lat' dir='ltr'><strong>Julian,</strong></span> <span class='ocrx_word' id='word_1_444' title='bbox 1347 4596 1378 4644; x_wconf 84' lang='lat' dir='ltr'><strong>nb</strong></span> 
     </span>
     <span class='ocr_line' id='line_1_51' title="bbox 224 4655 1321 4724; baseline -0.005 -15"><span class='ocrx_word' id='word_1_445' title='bbox 224 4666 292 4710; x_wconf 74' lang='lat' dir='ltr'><strong>rann</strong></span> <span class='ocrx_word' id='word_1_446' title='bbox 302 4662 349 4709; x_wconf 80' lang='lat' dir='ltr'><strong>aab</strong></span> <span class='ocrx_word' id='word_1_447' title='bbox 363 4666 431 4709; x_wconf 85' lang='lat' dir='ltr'><strong>tanto</strong></span> <span class='ocrx_word' id='word_1_448' title='bbox 447 4659 552 4724; x_wconf 85' lang='lat' dir='ltr'><strong>principe</strong></span> <span class='ocrx_word' id='word_1_449' title='bbox 567 4660 693 4711; x_wconf 77' lang='lat' dir='ltr'><strong>securitate</strong></span> <span class='ocrx_word' id='word_1_450' title='bbox 710 4669 735 4709; x_wconf 89' lang='lat' dir='ltr'><strong>et</strong></span> <span class='ocrx_word' id='word_1_451' title='bbox 751 4659 785 4709; x_wconf 87' lang='lat' dir='ltr'><strong>ie·</strong></span> <span class='ocrx_word' id='word_1_452' title='bbox 819 4660 928 4708; x_wconf 84' lang='lat' dir='ltr'><strong>Ascanio</strong></span> <span class='ocrx_word' id='word_1_453' title='bbox 939 4658 1075 4713; x_wconf 86' lang='lat' dir='ltr'><strong>deductam,</strong></span> <span class='ocrx_word' id='word_1_454' title='bbox 1088 4655 1209 4706; x_wconf 71' lang='lat' dir='ltr'><strong>transiisse</strong></span> <span class='ocrx_word' id='word_1_455' title='bbox 1220 4664 1321 4706; x_wconf 75' lang='lat' dir='ltr'><strong>constat.</strong></span> 
     </span>
     <span class='ocr_line' id='line_1_52' title="bbox 224 4722 824 4837; baseline 0 -64"><span class='ocrx_word' id='word_1_456' title='bbox 224 4722 317 4776; x_wconf 81' lang='lat' dir='ltr'><strong>licitate</strong></span> <span class='ocrx_word' id='word_1_457' title='bbox 341 4724 387 4774; x_wconf 82' lang='lat' dir='ltr'><strong>frui</strong></span> <span class='ocrx_word' id='word_1_458' title='bbox 407 4724 473 4782; x_wconf 83' lang='lat' dir='ltr'><strong>licet,</strong></span> <span class='ocrx_word' id='word_1_459' title='bbox 496 4738 641 4791; x_wconf 89' lang='lat' dir='ltr'><strong>unoquoque</strong></span> <span class='ocrx_word' id='word_1_460' title='bbox 663 4725 710 4784; x_wconf 87' lang='lat' dir='ltr'><strong>die,</strong></span> <span class='ocrx_word' id='word_1_461' title='bbox 735 4734 783 4773; x_wconf 85' lang='lat' dir='ltr'><strong>tarn</strong></span> <span class='ocrx_word' id='word_1_462' title='bbox 808 4790 824 4837; x_wconf 67' lang='lat'>2</span> 
     </span>
     <span class='ocr_line' id='line_1_53' title="bbox 784 4805 798 4837; baseline 0 0"><span class='ocrx_word' id='word_1_463' title='bbox 784 4805 798 4837; x_wconf 90' lang='grc' dir='ltr'><strong>ιι</strong></span> 
     </span>
    </p>
   </div>
   <div class='ocr_carea' id='block_1_6' title="bbox 0 0 1836 5892">
    <p class='ocr_par' dir='ltr' id='par_1_11' title="bbox 0 0 1836 5892">
     <span class='ocr_line' id='line_1_54' title="bbox 0 0 1836 5892; baseline 0 0"><span class='ocrx_word' id='word_1_464' title='bbox 0 0 1836 5892; x_wconf 95' lang='lat' dir='ltr'><strong> </strong></span> 
     </span>
    </p>
   </div>
  </div>
 </body>
</html>
