3659 5892
667 534 895 603 CARMEN
919 538 952 601 9.

341 696 381 759 15
404 694 518 768 Quint
543 692 632 777 quod
647 689 748 756 libelli
764 690 868 755 Stoici
882 690 968 753 inter
982 688 1105 754 sericos

533 793 652 861 «Iacere
668 792 818 877 pulvillos
833 802 961 855 amarit:

404 896 553 963 illiterati
568 918 646 961 num
659 896 767 961 minua
782 894 874 959 nervi
887 893 1017 978 rigenti

531 997 685 1063 Minusve
700 996 834 1081 languet
849 993 1031 1061 fascinum?

404 1100 505 1174 Quod
520 1112 557 1167 ut
573 1101 716 1186 superbo
731 1120 889 1185 provoces
904 1100 947 1163 ab
959 1098 1105 1183 inguine,

338 1202 383 1269 20
534 1202 605 1267 Ore
619 1200 868 1268 allaborandum
883 1211 935 1265 eet
949 1202 1022 1265 tibi.

663 1474 869 1541 CARMEN
892 1473 957 1539 ix.

593 1674 656 1723 AD
691 1670 1031 1724 MAECENATEM.

403 1817 556 1890 Quirino
571 1824 739 1899 repostum
755 1811 935 1878 Coecubum
947 1812 993 1877 ad
1006 1812 1107 1879 festas
1122 1813 1238 1899 dapes,

535 1917 672 1984 Victore
686 1916 782 1981 loetua
798 1913 941 1993 Caesare,
981 1953 986 1963 ·

381 2064 384 2072 ι
405 2019 533 2085 Tecum
548 2018 702 2095 subalta,
718 2018 765 2083 sic
779 2016 856 2083 Jovi
871 2027 1011 2101 gratum,
1027 2019 1137 2097 domo,

536 2122 640 2187 Beate
656 2120 835 2197 Maecenus,
850 2121 973 2198 bibam,

352 2228 373 2289 5
407 2226 551 2291 Sonante
565 2226 703 2289 mixtum
718 2223 807 2287 tibiis
823 2244 954 2287 carmen
967 2221 1050 2308 lyra,

535 2327 610 2392 Hac
627 2326 778 2403 Dorium,
794 2323 856 2389 illis
874 2322 1080 2389 Barbarum?

265 2462 357 2513 7-10.
372 2464 431 2511 Sed:
448 2461 501 2511 hec
511 2459 629 2527 particula
641 2457 742 2507 irrisioni
757 2458 794 2506 'iu-
827 2456 942 2507 doctrine
993 2467 1116 2524 ponuntur
1133 2460 1200 2510 uerri
1218 2460 1319 2521 indocti,
1329 2464 1355 2513 b.
1364 2480 1389 2514 e.

232 2528 314 2585 servit,
333 2536 361 2577 ut
380 2526 441 2577 aliar
457 2528 572 2583 videlicet.
605 2524 687 2573 Multo
706 2522 794 2583 minua,
827 2523 890 2581 duri,
902 2522 973 2572 indoc
991 2539 1028 2581 ea,
1037 2523 1116 2587 rigidi,
1124 2524 1167 2590 qui
1176 2525 1285 2577 doctrina
1294 2528 1390 2578 incitari

232 2592 275 2649 ait,
286 2608 325 2641 me
340 2592 439 2641 incitare
454 2599 531 2664 puteat
542 2600 631 2653 pectus,
642 2597 700 2639 cett.
737 2590 795 2640 Veri·
827 2596 853 2637 ει
868 2588 961 2654 impelli
976 2598 1107 2653 nequeunt.
1140 2590 1265 2641 Fucinum
1279 2593 1389 2657 (flaed-

232 2667 268 2707 ter
282 2659 365 2713 inuitis,
378 2657 417 2705 lan
453 2656 516 2713 idui,
528 2653 655 2719 opponitur
669 2654 735 2701 firmo
752 2651 795 2701 ad·
829 2652 898 2715 νιον)
923 2652 949 2701 b.
971 2652 990 2700 l.
1012 2654 1145 2703 membrum
1171 2654 1241 2705 virile
1261 2657 1389 2732 aipoificat.

232 2720 281 2770 buc
304 2730 328 2771 et
351 2737 408 2771 succ
435 2728 500 2769 ento.
533 2720 656 2778 Additum,
678 2718 795 2785 superim-
828 2718 938 2780 Superbo,
955 2718 1057 2783 superbo
1074 2718 1207 2769 vetularum
1224 2721 1336 2773 libidmea
1351 2738 1389 2773 tc·

232 2786 349 2853 positum.
828 2780 954 2848 pudianta.

267 2852 373 2899 11-20.
393 2850 448 2899 Esto
467 2850 542 2906 bento,
564 2855 620 2897 cett.
638 2862 738 2897 sensus:
762 2845 796 2895 iii

231 2914 289 2965 licet
298 2914 365 2989 diver
376 2923 401 2965 et
411 2914 507 2973 nobilia,
516 2928 560 2988 iiec
570 2912 622 2961 ullu
632 2911 680 2961 ulia
688 2920 797 2986 matrona
1000 2911 1153 2963 CARMEN
1171 2914 1219 2963 lx.

232 2976 794 3115 nitituretsiturcttuirit
827 2976 1389 3110 ,circumuentum

232 3111 314 3159 minua
325 3119 404 3159 tamen
416 3110 481 3159 nervi
492 3108 548 3165 mei,
560 3107 602 3173 qui
613 3114 670 3154 auiit
680 3106 794 3163 illiterati,
828 3106 934 3155 Romam
955 3106 1044 3155 allatus
1066 3116 1129 3156 erret
1150 3109 1264 3165 nuncius,
1286 3109 1391 3174 publicai

232 3174 260 3223 b.
281 3191 304 3225 e.
344 3174 369 3224 ui
391 3190 440 3223 non
465 3173 592 3222 mulierum
614 3170 731 3227 doctrina,
753 3169 795 3219 aed
828 3170 873 3225 illi,
892 3170 919 3219 in
933 3186 1099 3236 quamomueii
1111 3173 1217 3223 Romani
1233 3175 1390 3235 iuoeiaerant,

232 3253 317 3288 eanim
327 3191 403 3289 inimo
417 3237 556 3293 incitantur,
569 3236 654 3299 rigent,
666 3235 795 3285 saccinum·
827 3233 916 3284 letitie
927 3252 976 3284 aon
986 3234 1063 3285 detuit
1071 3239 1195 3287 Horatius.
1219 3240 1251 3287 Iu
1262 3238 1308 3289 boc
1317 3239 1391 3302 igitur
1409 3240 1415 3253 ‘

234 3318 281 3367 que
304 3304 412 3367 languet,
435 3302 500 3368 quod
526 3300 633 3367 quidem,
656 3314 711 3348 euro
735 3300 798 3349 illud
828 3298 943 3357 carmine,
964 3300 1140 3364 gloriosissime
1158 3303 1196 3353 ilii
1215 3304 1321 3366 iugum
1339 3304 1390 3355 vic·

233 3367 294 3415 anili
313 3377 356 3417 tua
376 3368 452 3417 forma
475 3366 595 3432 provocari
617 3373 730 3429 nequent,
750 3363 797 3415 alio
829 3364 895 3413 toriae
904 3366 1052 3415 celebrande
1060 3376 1205 3424 eonieerato,
1212 3368 1316 3434 primum
1326 3368 1390 3419 diem

234 3430 306 3481 modo
328 3432 373 3481 tibi
394 3431 570 3498 provocandum
593 3436 639 3479 eat.
681 3430 796 3493 Imaginor
828 3430 926 3487 testum,
952 3446 1025 3505 quem
1052 3431 1117 3498 apud
1143 3434 1304 3483 Mucenatem
1329 3433 1392 3483 inter

234 3496 403 3559 Triumphales,
415 3496 531 3560 majorum
546 3494 646 3551 scilieet,
657 3492 743 3559 quibua
754 3493 796 3541 tri·
828 3494 984 3557 generosiora
1001 3494 1053 3543 vini
1070 3496 1158 3562 pocula
1177 3505 1203 3547 et
1223 3496 1285 3546 iiiter
1303 3497 1391 3549 mixtur

233 3560 318 3626 umpbi
335 3560 410 3611 bonor
427 3560 536 3626 contigit,
554 3559 662 3623 adeoque
677 3556 796 3607 nobilissi-
828 3558 962 3608 tibiaruml
1029 3576 1059 3608 ue
1073 3569 1159 3609 centua
1169 3569 1334 3611 transacturus
1349 3564 1390 3620 rit,

233 3640 328 3674 morum
347 3627 450 3675 virorum
470 3624 595 3689 imagines.
629 3625 711 3672 Funus
730 3632 797 3673 tuum
829 3622 929 3684 indicii,
951 3624 990 3673 dei
1025 3641 1039 3675 e
1059 3624 1086 3673 iii
1107 3626 1251 3682 Antonium,
1273 3628 1316 3692 qui
1338 3628 1390 3678 Ro·

233 3691 331 3749 ducem,
343 3690 420 3741 funeri
436 3700 477 3739 tuo
492 3690 654 3756 preferantur,
666 3686 730 3752 quod
748 3704 796 3737 non
829 3702 906 3737 meum
918 3686 1011 3738 virtutis
1026 3688 1098 3763 plane
1110 3690 1199 3739 oblitus
1214 3690 1348 3756 Cleopetro
1364 3708 1392 3745 ie

234 3762 329 3804 tentum
348 3754 374 3804 iii
397 3754 513 3805 nobilium
530 3754 643 3810 vimrum‚
662 3751 705 3802 red
725 3751 796 3801 etiam
829 3752 929 3827 turpiter
939 3754 1134 3819 emancipaverit,
1148 3754 1223 3805 nobili
1238 3770 1295 3804 cum
1310 3756 1390 3822 indig-

234 3818 353 3868 iiobilium
364 3829 525 3870 matronarum
536 3820 618 3869 iuuere
631 3817 681 3867 fieri
690 3818 794 3866 solebat:
829 3825 927 3867 nauone
942 3817 1077 3879 invebitm3
1094 3834 1149 3867 mox
1164 3819 1256 3868 laetitio
1270 3836 1342 3871 nemu
1356 3823 1392 3872 ita

233 3882 391 3935 rid.Cic.da
409 3884 567 3943 Orat.ii,55.
601 3883 701 3933 Fururti
718 3890 798 3930 autem
830 3880 956 3948 abripitur,
972 3891 1009 3940 ut,
1027 3882 1097 3948 quasi
1113 3883 1165 3949 jam
1185 3883 1288 3933 Antonii
1306 3886 1389 3945 vietor,

234 3963 263 3997 eo
285 3950 395 3999 acerbius
417 3950 561 3999 mentionem
584 3947 650 4005 lecit,
672 3961 728 3995 curii
749 3947 796 3997 iata
828 3948 965 4011 Augustus,
976 3962 1033 3996 eum
1050 3964 1138 4021 pompa
1153 3948 1293 4015 triumphali
1308 3953 1391 4003 urbem

235 4022 352 4090 anua,·ut
369 4029 423 4079 arip.
442 4014 478 4071 iii,
500 4018 538 4071 15,
556 4016 572 4063 4
590 4013 692 4089 (itteris,¹
706 4021 797 4086 maturo
827 4011 985 4086 ipgrediatur,
1002 4012 1028 4061 in
1045 4012 1169 4077 publicam
1184 4014 1253 4063 illam
1271 4017 1391 4068 acclama·

227 4077 438 4192 iilssiffllil
447 4078 798 4205 sst'ttrtt‘ttt‘ttut
829 4078 1393 4209 itturtttuttt‘tttbtttt

235 4208 402 4272 epectabaturt
421 4206 548 4257 vid.Plin.
563 4208 649 4264 inca.
682 4207 797 4263 rutubi,
830 4222 874 4255 iiio
891 4206 1022 4319 indulpeat,
1033 4207 1136 4271 largiora
1153 4210 1241 4275 poculo
1252 4208 1299 4259 albi
1315 4211 1393 4263 afferri

236 4270 358 4321 notionem
366 4273 485 4339 superbire
493 4270 644 4338 etjnctautire
652 4269 798 4320 habetziid.
827 4272 921 4337 jubeat.
978 4280 1060 4336 mpetu
1098 4274 1186 4323 uodam
1207 4284 1279 4341 poete
1299 4276 1325 4325 iu
1346 4277 1392 4327 boc

236 4336 367 4401 aupadE
417 4340 497 4397 .’4,5.
526 4338 610 4385 Libetti
622 4336 706 4383 Stoici:
723 4336 800 4385 tacete
831 4335 1082 4402 carminciertur,qui
1123 4339 1275 4405 titin,poetn
1284 4340 1392 4391 animum

236 4414 309 4450 auum
319 4400 362 4450 libi
381 4402 472 4453 irionem
481 4401 567 4451 Stoicae
578 4399 736 4465 philosophie
747 4407 798 4449 rtu·
832 4400 1000 4451 confundentis
1021 4402 1098 4465 magii
1119 4420 1193 4468 quam
1219 4404 1393 4479 persuadentia,

236 4464 328 4515 dicaam
343 4466 448 4517 inducit!
483 4470 568 4517 Amant
578 4463 749 4530 juccre‚quaai
763 4464 799 4515 eie
832 4464 1022 4530 magnitudinem
1030 4467 1250 4533 egregieexprimit.
1270 4470 1392 4520 Incodem

234 4529 315 4595 jacere
326 4531 372 4579 iibi
384 4532 488 4596 placent.
522 4530 635 4579 illiterati
647 4547 702 4577 nam
714 4534 798 4588 minui,
832 4540 982 4595 argumento,
990 4530 1029 4580 vel
1039 4531 1065 4579 iii
1073 4532 1157 4581 eadem
1163 4532 1271 4597 Augusti
1281 4533 1312 4583 da
1321 4536 1392 4585 Cleo·

237 4604 294 4645 cett.
335 4596 460 4655 Horatius,
479 4602 507 4644 ut
523 4594 625 4652 videtur,
643 4593 695 4641 vult
713 4594 800 4652 dicere,
849 4604 901 4645 atra
910 4604 935 4647 et
946 4595 1054 4645 Antonio
1064 4597 1172 4652 victoria,
1181 4606 1289 4646 vereatur
1296 4614 1394 4673 quoque

238 4675 296 4732 num
308 4669 388 4723 putas,
398 4675 482 4709 uerior
492 4674 558 4709 meua
569 4658 632 4716 idco,
641 4658 697 4724 quia
706 4666 732 4707 ιιι
743 4658 800 4709 iloc-
832 4612 885 4709 libri
897 4658 967 4725 primi
980 4674 1076 4709 carmen
1093 4661 1240 4724 trigesimum
1250 4671 1395 4728 septimum3

238 4734 323 4773 uiuam
334 4734 417 4791 prete
434 4725 489 4781 ieri,
501 4724 581 4775 minui
592 4722 683 4788 rigeret
711 4723 802 4789 Lepide
833 4724 876 4775 red
891 4724 914 4773 id
930 4725 1005 4774 ierim
1021 4724 1137 4792 seriptum
1152 4735 1190 4777 cit
1203 4737 1330 4784 tum,cum
1343 4731 1395 4782 Ro·
