3659 5892
477 528 555 594 xviii
642 518 901 590 PRAEFATIO
925 521 1174 588 EDITIONIS
1199 522 1453 589 SECUNDAE.

477 737 590 782 eorum
615 710 759 779 moribus
781 711 968 790 tribuenda,
988 710 1024 775 in
1043 709 1233 796 proefatione
1255 711 1298 776 ad
1314 710 1444 776 Chrest.
1461 710 1628 776 Ciceronis

478 833 632 918 diximus)
657 831 895 898 conficiendum
918 829 1199 909 demandavimus3
1230 829 1320 914 quod
1341 829 1475 914 quidem
1495 851 1537 894 eo
1558 850 1630 894 suc·
1738 816 1741 820 ⁵
1796 819 1800 826 ’

478 974 574 1018 sessu
599 949 808 1026 factumest,
834 959 872 1014 ut
901 969 1004 1034 spem,
1030 947 1195 1032 quamde
1221 948 1341 1034 insigni
1365 969 1478 1013 corum
1506 948 1540 1012 in
1567 948 1630 1012 hac

478 1090 668 1156 quoquere
693 1067 861 1152 diligentia
883 1086 1147 1152 conceperamus,
1171 1076 1374 1152 superarent.
1419 1065 1489 1130 Sed
1507 1065 1631 1131 hic'ln-

480 1188 558 1266 dex,
582 1187 756 1272 separatim
779 1207 908 1272 quoque
932 1208 973 1252 eo
995 1184 1129 1252 consilio
1148 1185 1354 1264 divendetur,
1371 1196 1409 1250 ut
1432 1207 1543 1251 omnes
1559 1184 1631 1250 Ho-

482 1307 557 1372 ratii
578 1305 727 1384 lectores,
750 1328 944 1391 quacunque
967 1306 1096 1370 demum
1117 1305 1189 1388 ejus
1210 1303 1353 1368 editione
1374 1313 1520 1382 utantur,
1535 1325 1631 1368 usum

480 1426 522 1491 de
543 1447 584 1492 eo
606 1445 725 1510 capere
745 1425 882 1510 possint.
935 1423 1026 1488 Nam
1044 1445 1119 1489 cum
1139 1424 1196 1488 vix
1216 1422 1301 1487 ullus
1323 1432 1469 1487 veterum
1490 1422 1631 1506 scriptor

479 1543 590 1629 plures
617 1543 756 1608 lectores
782 1542 904 1608 habeat
937 1564 1034 1627 quam
1065 1542 1237 1620 Horatius,
1268 1541 1504 1625 unusquisque,
1532 1540 1631 1604 modo

479 1780 593 1846 Indice
609 1790 756 1846 notatum
770 1779 923 1845 inveniet.

523 1900 680 1966 Ceterum
706 1897 786 1963 mihi
814 1899 990 1964 indicenda
1009 1910 1061 1964 est
1081 1898 1214 1964 Horatii
1234 1897 1336 1963 editio
1356 1897 1471 1975 minor,
1494 1899 1528 1962 in
1553 1919 1631 1980 qua,

478 2019 574 2084 brevi
585 2019 766 2104 proditura,
781 2017 963 2083 difficiliora
976 2027 1102 2082 tantum
1115 2029 1150 2083 et
1163 2016 1376 2102 implicatiora
1389 2018 1630 2085 enodabuntur.

479 2138 577 2204 Hanc
595 2137 724 2203 curabit
747 2159 859 2215 senex,
878 2138 947 2221 qui,
963 2136 1108 2220 quamvis
1123 2136 1191 2221 jam
1211 2138 1485 2223 septuagesimum
1500 2137 1638 2202 tertium.

481 2256 586 2320 aetatis
606 2277 726 2321 annum
746 2256 826 2340 agit,
847 2265 955 2320 tamen
977 2254 1134 2340 singulari
1156 2255 1223 2320 Dei
1238 2254 1365 2340 Optimi
1379 2255 1519 2320 Maximi
1532 2257 1632 2320 bene·

480 2372 557 2440 ficio
570 2374 614 2438 ad
628 2395 680 2439 res
695 2374 856 2459 gerendas
866 2373 1003 2458 juvenili
1016 2373 1128 2459 vigore
1143 2382 1354 2440 sustentatur.
1620 2408 1623 2414 ,

479 1685 545 1728 una
566 1673 601 1728 et
622 1660 723 1727 altera
745 1683 810 1726 vox
830 1659 907 1726 lecti
928 1661 1065 1747 alicujus
1086 1662 1150 1727 loci
1170 1662 1203 1728 ei
1224 1670 1403 1738 succurrat,
1417 1681 1493 1724 eum
1511 1659 1545 1722 in
1567 1656 1631 1722 hoc
1811 1630 1815 1870 ι

524 2575 657 2654 Gothae,
672 2597 782 2641 mense
798 2575 899 2642 Mart.
917 2597 1158 2643 uncccxxvur..
