3659 5892
456 553 459 558 -
495 537 540 578 xx
725 509 933 580 HORATll
956 506 1073 574 VlTA
1096 506 1128 571 E
1151 504 1412 572 SUETONIO.

491 723 561 765 rum
585 702 801 788 sufficiebam:
833 721 914 764 nuno
939 696 1213 782 occupatissimus,
1236 703 1268 758 et
1294 691 1447 778 infirmus,
1471 689 1650 755 Horatium

493 812 631 866 nostrum
655 827 677 868 a
700 812 732 868 te
752 803 847 888 cupio
869 801 1037 865 abducere.
1090 797 1197 860 Veniet
1220 817 1299 881 ergo
1322 793 1365 857 ab
1381 793 1445 856 ista
1461 792 1650 877 parasitica

394 981 397 988 .
491 916 615 986 metesa⁷
638 924 684 986 od
702 923 786 986 imno
809 920 945 1005 regiam,
961 925 993 980 et
1015 937 1072 979 nos
1093 915 1127 977 iu
1148 913 1325 977 scribendis
1346 911 1492 998 epistolis
1504 911 1648 996 jurabit.

493 1037 544 1104 Ac
560 1061 601 1104 ne
616 1039 781 1106 recusanti
796 1038 929 1122 quidem
944 1044 1001 1099 aut
1016 1032 1202 1097 succensuit
1215 1031 1388 1114 quicquam
1404 1039 1462 1093 aut
1476 1029 1650 1094 amicitiam

494 1179 584 1222 suram
611 1155 780 1244 ingerere⁸
805 1157 913 1222 desiit.
961 1152 1106 1216 Exstant
1132 1147 1304 1234 Epistolae,
1328 1147 1527 1233 exquibus,
1551 1169 1650 1231 argu·

492 1276 592 1342 menti
607 1277 724 1362 gratia,
740 1296 845 1360 pauca
861 1272 997 1356 subjeci.
1042 1269 1138 1332 Sume
1157 1266 1216 1331 tibi
1235 1267 1361 1352 aliquid
1370 1265 1461 1350 juris
1479 1265 1572 1350 opud
1589 1287 1647 1342 rue,

491 1404 643 1480 tauquam
664 1393 694 1460 si
715 1393 877 1458 convictor
890 1389 968 1454 milri
979 1388 1111 1474 fuerim
1135 1387 1282 1471 quoniam
1301 1386 1339 1450 id
1355 1406 1429 1449 usus
1448 1382 1526 1447 niti
1546 1391 1648 1446 tecum

491 1534 561 1576 csse
584 1512 679 1590 colui,
698 1511 728 1576 si
744 1531 810 1596 per
833 1508 1042 1572 ooietudinem
1063 1515 1150 1569 tuam
1161 1503 1244 1589 fieri
1260 1503 1376 1588 possit.
1425 1502 1472 1566 Et
1495 1506 1645 1566 rursus⁹:

497 1630 559 1694 Tui
582 1629 706 1715 qualem
731 1628 865 1692 iubeam
888 1625 1080 1701 cecinerim,
1098 1622 1225 1708 poteris
1249 1643 1292 1686 ee
1316 1622 1500 1708 &epitimio¹⁰
1522 1643 1649 1707 quoque

490 1756 599 1812 nostro
613 1747 746 1820 audire,·
768 1767 840 1809 nom
854 1743 978 1818 incidit,
994 1751 1029 1805 ut
1042 1743 1098 1806 iiio
1118 1763 1225 1805 coram
1237 1741 1338 1825 fieret
1357 1763 1379 1804 a
1394 1761 1442 1804 me
1456 1741 1504 1804 tui
1519 1740 1645 1804 mentio.

491 1866 607 1950 Neque
620 1864 650 1928 si
665 1873 698 1928 tu
717 1861 872 1948 superbus
890 1860 1064 1925 amicitiam
1083 1867 1222 1922 nostram
1236 1849 1397 1944 sprevisti,
1412 1859 1484 1923 ideo
1498 1881 1556 1923 nos
1571 1881 1649 1945 quo-

491 2003 553 2070 que
571 1983 849 2062 tutmepapuotuoss.
898 1979 1066 2044 Praeterea
1087 1999 1174 2061 saepe
1196 1978 1281 2042 iuter
1303 1976 1383 2042 alios
1401 1978 1497 2063 jocos
1512 1978 1650 2064 putissi-

490 2121 572 2165 mum
589 2091 732 2184 peuem¹⁹
746 2106 780 2161 et
795 2096 1029 2160 homuncionem
1043 2095 1270 2181 lepidissimum
1291 2096 1445 2181 appellat,
1460 2118 1593 2181 unaque
1615 2106 1650 2162 et

490 2217 593 2284 altera
622 2212 817 2280 liberalitate
846 2212 1066 2296 locupletavit.
1121 2212 1252 2296 Scripta
1280 2214 1413 2298 quidem
1440 2215 1513 2300 ejus
1539 2237 1647 2299 usque

490 2335 574 2402 adeo
590 2332 751 2420 probavit,
764 2353 982 2416 mansuraque
997 2342 1157 2416 perpetuo
1172 2332 1324 2417 opinatus
1339 2343 1402 2411 est,
1416 2345 1453 2399 ut
1468 2356 1534 2398 non
1548 2332 1649 2398 modo

490 2452 654 2520 Saeculare
671 2449 810 2515 Carmen
830 2450 1091 2535 componendum
1111 2449 1298 2534 injunxerit,
1315 2451 1375 2516 aed
1391 2461 1426 2516 et
1438 2451 1650 2517 Vindelicum

489 2570 657 2638 victoriam
686 2567 814 2634 Tiberii
844 2569 1026 2653 Drusique,
1055 2569 1294 2654 privignorum:
1329 2592 1469 2656 eumque
1499 2570 1648 2655 coegerit

489 2698 626 2776 propter
639 2685 715 2766 hoc,
731 2687 836 2752 tribus
854 2688 1032 2752 carminum
1051 2686 1155 2765 libris,
1170 2709 1213 2751 ex
1233 2687 1330 2772 longo
1350 2687 1532 2767 intervallo,
1548 2710 1649 2773 quar-

490 2819 560 2874 tum
581 2807 721 2872 addere:
746 2815 821 2892 post
837 2805 1010 2870 Sermones
1025 2827 1156 2890 quoque
1170 2805 1273 2871 lectos
1294 2805 1345 2868 aui
1367 2804 1488 2870 nullam
1509 2808 1650 2872 mentio·

490 2947 564 2992 nem
578 2923 724 2989 habitam
744 2923 789 2986 ita
805 2924 847 2987 sit
861 2933 1016 3007 questus:
1038 2922 1147 2987 Irasci
1168 2945 1217 2987 me
1236 2922 1295 2988 tibi
1314 2924 1406 3002 scito,
1423 2927 1510 3009 quod
1528 2947 1593 2990 non
1615 2926 1649 2991 in

483 3043 651 3130 plerisque
676 3041 830 3126 ejusmodi
859 3042 992 3127 scriptis
1019 3061 1137 3106 mecum
1158 3041 1361 3127 potissimum
1389 3043 1545 3127 maaria.
1591 3044 1648 3110 Aa

488 3161 618 3236 cererin
631 3181 669 3224 ue
684 3159 775 3244 apud
780 3167 932 3244 posteros
946 3159 1006 3222 tibi
1018 3159 1137 3244 infame
1149 3159 1202 3236 sit,
1215 3159 1302 3243 quod
1312 3159 1455 3224 videaris
1457 3162 1648 3247 familiaris

486 3277 579 3342 uobis
590 3279 681 3342 esse?
727 3274 967 3360 Expressitque
982 3275 1128 3360 eclogam
1134 3271 1168 3354 ¹³,
1185 3277 1278 3360 cujus
1293 3276 1420 3342 initium
1434 3289 1503 3344 est:

662 3445 741 3508 Cum
756 3453 802 3508 tot
816 3443 985 3519 sustineas,
1000 3452 1032 3506 et
1045 3451 1135 3507 tauta
1149 3444 1280 3529 negotia
1294 3445 1391 3522 solus,

658 3563 728 3628 Res
739 3563 845 3626 Italas
859 3560 959 3624 amnis
976 3561 1098 3638 tuteris,
1114 3561 1253 3624 morioris
1265 3583 1368 3638 ornes,

655 3682 800 3768 Legibus
814 3681 976 3754 emendem·
998 3678 1031 3742 in
1039 3679 1175 3765 publica
1189 3681 1351 3744 commoda
1358 3702 1504 3766 pecccrn,

658 3801 696 3865 Si
711 3803 805 3888 longo
820 3820 960 3864 sannone
973 3820 1078 3862 morer
1091 3808 1147 3862 tua
1162 3807 1317 3883 tempora,
1336 3797 1460 3864 Ceasar.

483 3985 643 4052 Horatius
659 3985 773 4053 habitu
790 3986 936 4070 corporis
951 3985 1060 4049 brevia
1076 3982 1149 4061 fuit,
1164 3993 1262 4068 atque
1284 3985 1422 4062 obesus3
1446 3986 1551 4070 qualis
1567 4011 1587 4053 a
1603 4013 1641 4056 se

477 4305 536 4355 dum
554 4304 696 4356 macilentus
716 4311 787 4358 esset,
806 4301 976 4367 intelligendus
994 4310 1039 4352 est.
1072 4310 1184 4366 tempore.
1219 4303 1257 4351 10.
1271 4301 1440 4366 ErSsprtmio:
1458 4305 1554 4357 vidade
1571 4309 1639 4358 eoin

476 4369 502 4418 6.
515 4369 629 4420 Eutrsmis
635 4371 744 4434 judiciis,
752 4375 903 4418 testamento.
925 4369 949 4416 7.
965 4369 1039 4415 Para·
1072 4363 1333 4429 Argummoaito.
1356 4369 1514 4419 ΙΙ.’Δνθυπε
1577 4377 1637 4423 νοῦ-

475 4438 543 4484 sitias
558 4453 645 4494 menso,
661 4433 700 4484 cai
716 4431 781 4498 apud
798 4441 821 4482 ta
838 4443 864 4482 et
879 4431 938 4481 alios
954 4431 1036 4496 gratis,
1069 4449 1125 4496 μιν,
1133 4429 1238 4480 uicissim
1248 4431 1344 4496 superbi
1355 4447 1446 4482 sumus.
1482 4436 1521 4484 12.
1553 4441 1638 4486 utari·

477 4499 501 4548 h.
516 4515 539 4550 s.
551 4501 618 4550 uallo
633 4501 656 4548 si
672 4497 783 4564 imposito
798 4497 887 4553 officio,
903 4494 1038 4546 adhibetur.
1070 4513 1131 4543 mum
1141 4511 1220 4556 penem
1231 4493 1328 4544 reterad
1335 4512 1375 4545 aas
1384 4497 1566 4572 appellationes,
1577 4503 1637 4566 qui-

475 4567 500 4615 θ.
520 4563 637 4629 lugam,
648 4577 689 4629 pro
706 4577 839 4627 suggeram,
856 4561 881 4610 h.
892 4577 914 4610 a.
928 4561 1037 4627 probare.
1071 4560 1114 4608 bus
1122 4560 1186 4624 apud
1197 4559 1321 4608 hmanas
1330 4559 1458 4612 familiares
1469 4570 1562 4612 tantum
1571 4563 1637 4615 inter

472 4629 498 4678 9.
518 4627 550 4678 Et
565 4644 655 4686 rurum,
673 4641 756 4692 purum
774 4625 860 4678 Latias
879 4641 930 4692 pra,
946 4631 971 4676 st
989 4624 1037 4675 alio
1068 4637 1094 4672 ss
1105 4623 1238 4692 parjocnm
1254 4623 1280 4674 ia
1292 4623 1340 4676 rita
1350 4626 1474 4677 communi
1486 4629 1638 4692 nubantur,

1816 2536 1823 2942 l
