3659 5892
501 498 568 559 482
891 490 1285 557 EPISTOLARUM

589 648 744 713 Oderunt
758 668 895 731 peceare
910 646 990 711 boni
1004 645 1133 709 virtutis
1149 667 1275 709 amore:

588 749 644 815 Tu
659 749 740 814 nibil
754 750 907 813 admittes
924 750 956 813 in
973 760 1005 813 te
1021 748 1193 825 formidine
1209 770 1326 831 poenae.

589 851 641 916 Sit
656 874 732 937 spes
748 850 892 928 fallendi,
907 852 1060 915 miscebis
1077 872 1170 914 sacra
1185 847 1349 935 profanis:

523 954 566 1017 55
587 952 676 1018 Nam
689 954 731 1017 de
746 952 831 1017 mille
847 951 933 1019 fabae
948 953 1065 1017 modiis
1081 974 1182 1037 quum
1196 952 1333 1035 surripis
1351 971 1474 1025 unum,

588 1055 755 1120 Damnum
769 1065 831 1133 est,
847 1077 912 1119 non
929 1052 1067 1131 facinus,
1083 1052 1163 1117 mihi
1178 1064 1275 1139 pacto
1290 1051 1401 1117 lenius
1419 1050 1500 1115 isto.

589 1157 785 1234 virbonus,
801 1178 896 1220 omne
911 1153 1018 1220 sorum
1033 1177 1130 1239 quem
1145 1166 1272 1240 spectat
1287 1166 1321 1217 et
1336 1176 1440 1219 omne
1457 1148 1615 1227 tribunal,

589 1259 863 1343 Quandocunque
880 1257 973 1323 Deos
989 1257 1040 1322 vel
1055 1278 1155 1342 porco
1172 1255 1222 1320 vel
1237 1256 1320 1321 bove
1335 1255 1466 1341 placat,

588 1360 673 1425 dane
688 1373 793 1446 pater,
809 1360 907 1437 clare,
923 1360 1009 1424 clare
1025 1380 1125 1443 quum
1139 1358 1223 1421 dixit
1238 1355 1371 1441 Apollo,

523 1464 569 1527 60
591 1463 702 1528 Labra
716 1471 835 1539 movet,
850 1471 999 1525 metuens
1015 1460 1138 1524 audiri:
1164 1458 1308 1523 Pulchra
1323 1458 1498 1535 Lauerna,

591 1565 646 1629 Da
660 1564 739 1628 mihi
753 1563 875 1638 fallere,
893 1562 936 1627 da
946 1564 1038 1647 justo
1055 1570 1233 1643 sanctoque
1249 1560 1373 1639 videri;

589 1666 732 1731 Noctem
745 1666 900 1751 peccatis,
913 1674 947 1727 et
963 1662 1134 1727 fraudibus
1150 1663 1256 1747 objice
1272 1664 1402 1727 nubem.

592 1767 662 1841 Qut
676 1768 787 1832 melior
803 1788 908 1843 servo,
925 1764 983 1849 qui
997 1764 1131 1829 liberior
1147 1764 1189 1827 sit
1204 1786 1333 1841 avarus,

590 1867 630 1932 In
645 1870 747 1933 triviis
761 1869 862 1933 fixum
878 1890 978 1953 quum
994 1889 1029 1931 se
1045 1866 1186 1930 demittit
1201 1868 1245 1930 ob
1260 1890 1377 1943 assem,

525 1971 568 2035 65
590 1968 670 2034 Non
684 1970 797 2036 rideo:
821 1970 966 2054 namqui
982 1969 1105 2055 cupiet,
1121 1978 1244 2033 metuet
1259 1991 1408 2053 quoque;
1430 1990 1544 2052 porro

592 2072 660 2145 Qui
675 2083 822 2137 metuens
838 2072 935 2149 vivet,
949 2072 1033 2137 liber
1048 2070 1126 2143 mihi
1141 2093 1206 2134 non
1222 2072 1284 2133 erit
1300 2092 1455 2155 unquam.

591 2173 741 2237 Perdidit
755 2196 855 2251 arma,
871 2173 977 2239 locum
994 2172 1122 2237 virtutis
1137 2171 1293 2249 deseruit,
1310 2174 1367 2257 qui

593 2275 731 2361 Semper
744 2277 776 2339 in
792 2276 943 2361 augenda
958 2275 1090 2339 festinat
1105 2284 1138 2338 et
1153 2274 1303 2339 obruitur
1318 2297 1363 2339 re.

591 2377 746 2442 Vendere
761 2400 861 2461 quum
876 2378 982 2462 possis
999 2375 1172 2461 captivum,
1189 2377 1339 2441 occidere
1355 2377 1439 2441 noli:

529 2480 571 2542 70
593 2478 721 2543 Serviet
737 2478 876 2544 utiliter:
901 2479 970 2543 sine
983 2488 1098 2563 paseat
1113 2478 1228 2553 durus,
1243 2489 1396 2561 aretque3

592 2580 748 2666 Naviget,
763 2604 802 2646 ac
815 2581 931 2646 mediis
946 2580 1067 2644 hiemet
1080 2591 1241 2644 mercator
1256 2580 1289 2642 in
1304 2579 1420 2658 undis;

539 2750 633 2823 5⁴38st
652 2766 699 2861 spes
710 2750 834 2824 spuendi:
856 2758 882 2797 at
900 2748 921 2797 si
940 2748 984 2797 tibi
1004 2748 1063 2798 forte
1127 2748 1168 2796 61.
1190 2749 1292 2797 Fallere.-
1309 2748 1359 2796 vid.
1377 2747 1409 2796 ad
1426 2765 1450 2796 v.
1465 2751 1508 2798 54.
1538 2750 1590 2797 Pro
1600 2752 1665 2811 justo

505 2830 559 2879 spes
572 2823 607 2887 ¹stt
622 2830 661 2890 ma
671 2814 742 2891 eiactr
758 2830 854 2891 punam
870 2812 926 2862 dolo
942 2820 967 2891 at
982 2812 1064 2861 fraude
1095 2822 1215 2876 sanctoque
1226 2812 1298 2877 vulgo
1309 2813 1535 2889 legebaturjustam
1546 2824 1662 2863 mactum

506 2878 1064 3017 illiti:..intelletibilis
1095 2876 1662 3017 iiis.ill,¹².²{lal‘⁰,¹ill.l⁰.}¹¹².,ii¹⁰.i.‡²i⁰'{l;

505 3022 570 3083 mina
579 3006 714 3120 squidpuid
724 3007 808 3057 suadet
819 3005 901 3064 libido,
913 3006 1002 3055 iacies:
1021 3006 1066 3055 inf.
1099 3013 1136 3080 est
1153 3006 1267 3079 Horatius
1282 3006 1343 3068 (vid.
1356 3022 1411 3071 sup.
1423 3005 1455 3055 ad
1472 3008 1522 3056 Sat.
1538 3008 1555 3063 i,
1571 3010 1594 3065 l,
1609 3006 1660 3067 19),

507 3086 531 3119 tn
550 3071 654 3183 Epists
686 3072 807 3128 risset,
817 3072 873 3137 fuit
891 3072 937 3119 lure
953 3073 1067 3134 sapientia
1100 3080 1255 3135 tmpenturn;
1291 3070 1445 3119 conburatur
1473 3080 1553 3120 autem
1582 3078 1661 3119 nostra

506 3151 564 3199 quan
582 3153 628 3191 arn,
647 3136 743 3187 Publica
758 3139 857 3199 priuatis
871 3152 986 3184 munnere
1001 3152 1068 3183 suoru
1099 3134 1171 3183 lectio
1189 3134 1328 3200 optimorum
1345 3134 1425 3185 Codd.
1439 3136 1579 3185 auctoritate
1598 3132 1659 3201 apud

506 3198 621 3261 profanis.
1101 3198 1244 3263 Cruquium,
1255 3198 1415 3255 Torrentium,
1426 3207 1452 3248 et
1464 3200 1619 3249 Lambinnm.

540 3251 581 3312 bd.
596 3262 1064 3329 llnmnamestmonsaciaus,mibiparto
1127 3263 1233 3312 63-65.
1264 3264 1310 3318 Qui
1329 3266 1410 3311 nulior
1425 3281 1499 3321 meno,
1521 3274 1577 3314 cett.
1599 3280 1656 3341 qno·

507 3328 582 3375 bitias
598 3331 649 3379 isto:
666 3328 780 3378 damnum
797 3328 903 3392 quidem,
921 3326 985 3391 quod
1005 3326 1064 3375 mihi
1095 3326 1165 3375 ruodo
1181 3342 1342 3387 ammarum
1361 3342 1387 3377 se
1404 3328 1526 3378 obessem
1544 3329 1568 3377 in
1585 3328 1658 3378 inviis

507 3390 552 3441 boc
570 3390 631 3442 furto
648 3402 751 3467 paratur,
763 3401 800 3442 est
818 3393 903 3445 lenius.
914 3390 957 3441 sed
971 3391 1065 3439 lacinus
1095 3390 1168 3440 fixum
1181 3390 1290 3449 demittit,
1303 3408 1369 3442 servo
1384 3392 1470 3442 melior
1482 3403 1507 3443 et
1518 3393 1609 3443 liberior
1619 3393 1655 3450 sit,

507 3456 982 3513 nonestlemnaestetmanetlurtum.
1016 3454 1063 3505 Di·
1096 3470 1144 3504 non
1156 3452 1241 3515 video,
1258 3456 1341 3522 repetit
1352 3456 1425 3521 igitur
1436 3466 1509 3523 poeta
1520 3459 1655 3508 renuntiant

507 3520 540 3569 rit
566 3530 645 3571 autem
670 3522 721 3571 bac
745 3521 858 3571 lloratius
878 3520 908 3569 ad
930 3520 1064 3585 paradoxon
1098 3536 1152 3585 sup.
1165 3519 1243 3585 Epist.
1260 3538 1284 3579 x,
1305 3522 1335 3569 47
1355 3530 1380 3571 et
1395 3522 1488 3588 passim
1507 3524 1654 3589 propositam,

507 3586 650 3643 Stoicorum,
669 3587 711 3653 qui
728 3590 805 3635 amaria
823 3596 915 3649 peccata
933 3588 1003 3647 paria
1022 3602 1066 3633 essa
1095 3587 1217 3647 pecuariam
1234 3588 1319 3641 auaris,
1330 3595 1357 3633 ut
1375 3590 1446 3635 seruis
1463 3592 1521 3643 suis,
1541 3592 1656 3650 inperare.

507 3652 652 3701 statuebant.
1098 3648 1135 3696 Ex
1154 3648 1199 3697 hoc
1218 3648 1270 3697 loeo
1287 3648 1411 3706 discimus,
1424 3666 1511 3716 pueros
1528 3652 1592 3718 apud
1609 3654 1654 3701 Ro·

540 3716 582 3765 67.
601 3712 644 3765 Vir
660 3718 738 3774 muas,
751 3730 862 3764 nonrere
877 3715 964 3768 bonus,
977 3712 1019 3761 sed
1035 3730 1065 3762 ex
1098 3728 1180 3761 manos
1207 3728 1317 3763 nummos
1338 3714 1363 3761 in
1385 3715 1436 3765 solo
1460 3715 1542 3764 lutove
1565 3718 1654 3766 vinculo

507 3778 600 3843 vulgari
627 3779 746 3847 opinione,
768 3789 794 3829 ut
819 3778 943 3843 sequentia
971 3776 1067 3827 docent.
1099 3776 1408 3843 quodamlirisse,ut,cum
1418 3788 1591 3843 praetereuntes
1601 3782 1654 3830 frus·

509 3844 581 3899 Quem
602 3855 698 3908 spectat,
720 3860 774 3893 cum
797 3842 940 3893 verecundia
963 3840 1067 3907 quadam
1098 3851 1134 3890 tra
1146 3842 1230 3890 affixos
1250 3858 1359 3891 nummos
1374 3842 1533 3893 tolleravelle
1545 3844 1653 3903 viderent,

508 3910 625 3957 observat.
1099 3904 1190 3955 ridendi
1202 3906 1317 3956 haberent
1327 3907 1448 3956 materiem
1460 3926 1466 3955 ι
1486 3906 1555 3957 Pers.
1567 3926 1590 3965 v,
1605 3912 1655 3965 lll,

541 3974 581 4021 ab.
605 3974 665 4021 ioue
681 3984 760 4035 tuter:
778 3972 865 4029 Janus,
885 3978 912 4017 ut
931 3966 999 4027 deus,
1018 3978 1066 4019 tam
1099 3970 1171 4034 laque
1188 3972 1237 4019 into
1246 3974 1324 4035 fisum
1338 3976 1407 4035 passis
1419 3976 1581 4022 trartrcendere
1592 3994 1654 4023 nan·

508 4044 557 4085 toto
578 4052 649 4093 anno,
671 4053 743 4103 quam
765 4049 912 4101 unoquoque
933 4032 977 4083 die¹
996 4036 1066 4085 rebus
1098 4052 1166 4083 mecm.

507 4101 664 4177 suscipiendis
672 4100 932 4159 lavens,inv0cabatur;
944 4096 1000 4147 hinc
1011 4116 1065 4165 sup.
1130 4100 1171 4147 67.
1192 4098 1299 4147 Perdidit
1316 4118 1390 4157 arma,
1407 4100 1499 4164 abjecit
1516 4117 1589 4156 arma,
1604 4102 1655 4166 qui-

508 4169 558 4213 Sat.
571 4166 596 4222 ri,
610 4168 633 4223 6,
645 4168 686 4223 ⁴20,
697 4176 763 4231 pater·
774 4168 903 4214 matuarinus
915 4172 1020 4211 uocatur.
1097 4162 1142 4211 bus
1160 4172 1243 4212 contra
1258 4163 1324 4219 vitia,
1342 4164 1481 4213 nominatim
1499 4176 1582 4214 contm
1601 4182 1654 4214 ava·

540 4232 580 4280 60.
609 4231 684 4279 intua
706 4242 785 4287 mnus,
807 4229 925 4278 mussitat
961 4228 1064 4277 Pulchra
1096 4226 1181 4285 ritiam,
1195 4228 1294 4292 pugnari
1309 4228 1395 4277 debet:
1413 4244 1533 4294 perarma
1551 4230 1655 4295 intellige

511 4294 630 4345 taverna:
648 4298 703 4348 b'et.
715 4294 805 4349 Schol,
820 4294 925 4342 laverna
937 4294 962 4339 in
973 4295 1010 4339 uia
1021 4294 1063 4341 Su·
1096 4290 1190 4340 virtutis
1201 4301 1327 4358 praccepta.
1348 4294 1432 4340 Lucam
1444 4297 1540 4342 uirentis
1549 4296 1654 4351 deseruit,

509 4362 568 4409 laria
587 4363 662 4411 lactan
682 4362 764 4415 liuban
781 4370 813 4407 est
831 4369 906 4407 autem
923 4358 965 4403 dea
976 4356 1065 4421 furum
1097 4355 1185 4413 locum,
1196 4356 1238 4403 ubi
1249 4356 1322 4405 virtus
1341 4357 1445 4405 exerceri
1463 4358 1542 4415 debet,
1554 4359 1654 4409 deseruit

508 4425 644 4488 (bominum
656 4424 879 4485 fraudulentorum),
887 4425 949 4469 dicta
960 4421 1066 4470 Lauerna
1097 4419 1167 4469 homo
1176 4436 1269 4480 armus,
1282 4421 1324 4486 qui
1335 4419 1424 4469 divitiis
1435 4438 1529 4487 semper
1540 4423 1651 4499 augendis

507 4494 649 4549 alernatim·
666 4508 717 4539 nam
727 4491 798 4554 sistes
817 4490 927 4535 lavatores
943 4488 1065 4535 dicantur.
1097 4484 1202 4541 insudat,
1226 4493 1250 4533 et
1272 4484 1305 4534 rei
1357 4484 1471 4536 curiariae
1492 4489 1594 4550 negotiis
1616 4488 1650 4535 vel

508 4554 568 4605 llscc
585 4556 639 4612 dea,
659 4554 729 4633 plana
749 4553 779 4602 ud
798 4552 922 4613 ingenium
941 4550 1063 4599 bominum
1096 4549 1204 4615 pecunia
1216 4564 1328 4599 acer-roo
1345 4550 1427 4600 ruitur.
1462 4552 1651 4601 Locutionesar·

506 4620 559 4685 ejus
572 4620 708 4687 presidium
724 4618 769 4667 sibi
786 4616 954 4684 expetentium,
966 4623 1065 4664 vocatur
1096 4632 1132 4661 ma
1151 4617 1254 4677 perdere,
1271 4616 1370 4664 deserere
1390 4617 1472 4671 locum
1493 4616 1518 4665 h.
1536 4633 1559 4665 e.
1576 4620 1650 4671 aciem,

502 4685 554 4751 jun
565 4688 672 4749 paterna,
1096 4680 1223 4733 stationem,
1244 4676 1279 4728 vel
1300 4681 1365 4745 rigua
1386 4678 1464 4745 (apud
1484 4680 1583 4730 Gnaeos
1603 4683 1647 4730 λει-
