3659 5892
667 540 835 606 LIBER
857 540 903 619 Π,
926 544 958 605 2.

314 693 484 779 Praecipue
499 716 599 778 quum
615 716 650 759 se
665 694 807 758 numeris
822 693 1026 758 commendat
1040 703 1073 757 et
1088 702 1175 757 arte:

314 793 423 859 Discit
437 796 522 860 enim
537 797 632 860 citius
647 794 855 879 meminitque
868 793 1023 860 libentius
1038 793 1118 859 illud

315 896 416 969 Quod
431 898 504 982 quis
519 898 658 989 deridet,
675 920 773 982 quam
787 896 877 981 quod
891 897 1011 981 probat
1027 909 1061 962 et
1074 906 1256 962 veneratur.

312 997 371 1062 Nil
385 1021 494 1063 moror
508 1000 649 1064 officium
664 999 754 1084 quod
768 1021 819 1063 me
834 1009 960 1083 gravat,
977 1021 1014 1063 cc
1030 1022 1135 1083 neque
1151 998 1228 1064 ficto

227 1100 292 1163 265
314 1098 353 1163 In
367 1102 462 1185 pejus
478 1101 570 1166 vultu
585 1102 729 1185 proponin
739 1121 854 1164 cereus
868 1122 1016 1184 usquam,

314 1201 388 1267 Nec
404 1225 503 1287 prave
518 1202 612 1268 factis
628 1203 776 1267 decorari
785 1203 939 1267 uersibus
955 1212 1051 1287 opto:

315 1303 369 1369 Ne
384 1306 520 1369 rubeam
534 1305 648 1390 pingui
663 1305 803 1369 donatus
818 1326 963 1380 munere,
980 1316 1013 1369 et
1027 1326 1092 1367 una

315 1406 398 1470 Cum
413 1408 571 1491 scriptore
585 1429 657 1471 meo
672 1428 772 1492 capsa
787 1416 958 1491 porrectus
972 1416 1097 1491 aperta,

314 1506 457 1573 Deseror
471 1509 505 1572 in
520 1510 626 1573 vicum
638 1509 832 1573 vendentem
846 1518 900 1573 tus
915 1520 950 1573 et
965 1509 1095 1587 odores,

228 1609 294 1673 270
316 1609 362 1674 Et
376 1611 482 1695 piper,
497 1620 532 1675 et
546 1610 706 1695 quidquid
721 1609 843 1677 chartis
858 1611 1008 1676 amicitur
1022 1611 1151 1695 ineptis.

649 1933 890 2000 EPISTOLA
911 1936 958 2000 11.

574 2163 632 2211 AD
660 2164 820 2213 JULlUM
851 2164 1034 2214 ruolium.

315 2322 445 2400 Fnonn,
461 2324 548 2387 bono
563 2322 716 2407 claroque
730 2323 838 2388 fidelis
852 2325 954 2389 amice
970 2324 1108 2402 Neroni,

317 2423 352 2487 Si
367 2427 440 2507 quis
456 2424 540 2490 forte
555 2428 633 2491 velit
647 2448 785 2511 puerum
800 2426 861 2489 tibi
875 2427 1016 2519 vendere
1031 2436 1142 2489 natum

262 2610 320 2657 250.
343 2608 443 2672 Recipit,
463 2610 576 2669 admittit,
596 2612 658 2662 tradi
677 2612 721 2661 tibi
743 2627 786 2677 pa-
820 2626 878 2660 roco
886 2622 1004 2674 porrectus
1015 2611 1093 2679 lepida
1104 2610 1183 2677 imago
1195 2611 1380 2673 latereviiletur3

229 2672 294 2721 titur.
820 2674 931 2723 laudetur
942 2691 956 2725 a
967 2677 1030 2725 malo
1040 2684 1110 2741 poeta
1124 2692 1171 2725 una
1189 2694 1244 2725 cum
1257 2676 1381 2726 laudatore

261 2739 319 2786 259.
336 2738 514 2794 Rsrnsent,non
525 2739 673 2805 possint,cui
684 2740 787 2790 ferendas
820 2754 864 2787 suo
882 2740 908 2787 in
929 2748 1010 2806 aperta
1027 2756 1083 2789 arca
1098 2740 1164 2805 jacet
1182 2752 1307 2802 porrectus,
1321 2741 1346 2788 b.
1358 2757 1381 2790 e.

229 2801 290 2849 vires
307 2801 409 2866 impares
426 2802 483 2859 sint,
494 2812 522 2853 ut
538 2820 593 2870 sup.
605 2823 628 2853 v.
639 2806 697 2860 200,
709 2813 735 2853 et
744 2804 787 2852 inl.
820 2804 927 2853 omnium
938 2806 1087 2869 conspectui,
1098 2814 1203 2869 quantus
1214 2814 1319 2869 quantus
1334 2816 1379 2861 est,

229 2866 255 2914 in
274 2866 349 2929 Epist.
361 2866 391 2913 ad
410 2868 461 2916 Pis.
472 2869 513 2927 ³9,
528 2880 550 2917 et
567 2879 654 2918 versute
668 2872 721 2925 din,
731 2872 788 2933 quid
819 2869 959 2934 expositus,
980 2876 1004 2917 et
1022 2868 1078 2917 binc
1098 2885 1147 2933 pro,
1166 2880 1253 2932 operta,
1272 2868 1335 2934 quod
1353 2870 1380 2917 in

223 2931 293 2995 serre
304 2940 415 2987 recusent,
428 2933 491 2986 Quid
501 2936 702 2983 cubantium.
820 2932 931 2996 pluribus
949 2932 1016 2982 editt.
1035 2934 1166 2989 exhibetur,
1187 2932 1274 2981 rectius
1293 2934 1380 2999 legitur

262 2994 401 3043 too-270.
418 2997 533 3045 Sedulitur
543 3008 629 3054 ouum,
641 3005 698 3045 cett.
727 2997 788 3045 Sen-
819 3009 909 3057 operto,
922 3005 948 3045 ut
957 3006 993 3045 est
1008 2997 1033 3045 in
1050 2998 1158 3063 plurimis
1170 2997 1271 3045 (lodda
1290 2998 1322 3045 ud
1334 2998 1380 3047 Fe·

230 3072 286 3106 sus:
304 3057 377 3106 stulta
387 3069 466 3108 autem
481 3070 518 3109 est
533 3062 639 3109 officiose
654 3061 701 3109 ista
716 3061 788 3109 sedu-
821 3076 859 3108 am
868 3079 876 3120 ;
893 3076 930 3109 res
941 3062 1004 3110 enim
1017 3061 1114 3110 inutiles
1126 3071 1150 3110 et
1161 3061 1252 3109 nullius
1268 3014 1314 3111 irim
1329 3077 1380 3110 mo·

229 3122 284 3170 litas
301 3126 367 3186 (nos,
386 3124 610 3187 anringticlkcir),
629 3141 679 3189 qus
694 3124 750 3189 quis
765 3124 788 3173 ei
820 3124 894 3174 menti
916 3123 973 3190 poni
998 3133 1022 3173 et
1043 3126 1130 3190 portari
1157 3125 1236 3173 solent
1262 3126 1287 3173 in
1307 3130 1380 3188 copiis

229 3203 295 3250 quem
313 3190 395 3250 diligit
417 3193 528 3253 (patrono
551 3192 609 3250 sno)
629 3205 655 3237 sa
673 3188 787 3246 obtrudit,
819 3192 914 3251 apertis.

230 3250 351 3317 precipue
361 3267 416 3299 cum
427 3268 453 3299 se
468 3253 600 3301 carminum
612 3252 788 3317 componendo·
851 3254 909 3301 270.
929 3254 1021 3301 Cliurtis
1036 3255 1127 3315 ineptis,
1140 3252 1301 3317 significanter
1312 3255 1379 3301 clar·

230 3330 282 3363 rum
304 3324 355 3365 erte
380 3317 548 3377 commendet,
576 3326 690 3381 patronus
715 3316 788 3373 enim,
821 3327 849 3364 tc
869 3316 982 3365 dicuntur
1003 3320 1094 3391 inepte,
1114 3334 1177 3381 quas,
1197 3318 1254 3382 quia
1277 3318 1380 3383 ineptius

230 3376 296 3443 quod
306 3380 362 3443 quis
371 3379 526 3429 deridendum
542 3382 652 3455 propinat
666 3389 691 3429 et
707 3380 787 3445 exegi·
819 3396 874 3431 suas
890 3380 921 3429 iis
938 3381 1061 3429 mandavit
1076 3382 1155 3429 mulus
1172 3392 1251 3447 poeta,
1263 3382 1380 3430 mercibus

231 3452 274 3498 tat,
286 3444 359 3491 citius
371 3446 471 3507 (discit)
482 3445 573 3510 arripit.
585 3456 609 3495 et
624 3444 747 3494 lubentius
763 3445 789 3493 in
820 3445 960 3495 amiciendis
972 3445 1111 3493 inserviunt.
1140 3448 1204 3495 Sunt
1214 3447 1286 3509 igitur
1296 3448 1380 3495 clicrtc

231 3508 344 3556 memoria
363 3517 436 3564 tenet,
456 3524 528 3572 quam
547 3525 576 3558 ca
592 3526 647 3573 quae
666 3509 750 3573 probat
765 3517 790 3558 et
819 3512 901 3573 inepte
911 3508 978 3573 quod
989 3524 1033 3557 uos
1043 3524 1165 3566 vocamus,
1178 3511 1323 3559 dimittatur.

231 3571 322 3620 laudat.
356 3574 413 3622 Jam
436 3574 551 3622 Horatius
573 3574 734 3622 Mecenatem
754 3572 791 3621 vel

231 3636 306 3683 ulium
318 3646 453 3700 patronum,
464 3637 503 3687 cui
515 3638 616 3687 molesta
629 3647 666 3686 est
676 3636 721 3685 ista
735 3652 788 3686 cer·
988 3638 1159 3687 EPISTOLA
1176 3637 1214 3686 11.

231 3700 337 3747 minibus
347 3716 373 3749 so
386 3701 602 3751 commendantium
616 3701 740 3759 sedulitas,
752 3700 788 3748 lo·
854 3700 986 3764 Postquam
1000 3710 1072 3775 poeta
1090 3718 1105 3750 a
1122 3700 1301 3813 reprehensione
1320 3702 1336 3751 J
1338 3700 1383 3750 ulii

230 3773 345 3828 quentem
376 3765 478 3814 inducit.
522 3768 608 3831 Apage
638 3764 789 3814 sedulitatem
822 3762 895 3819 Flori,
905 3764 970 3829 quod
982 3766 1042 3814 nihil
1054 3766 1133 3814 adhuc
1154 3774 1275 3814 literarum
1286 3764 1380 3815 adeum

231 3828 377 3892 istamque
388 3829 618 3889 mibimolestaest3
634 3831 725 3893 utiego
741 3845 789 3877 non
821 3828 942 3894 scripserit
959 3846 984 3878 se
1021 3831 1121 3893 urgavit,
1137 3838 1161 3877 et
1177 3844 1262 3877 causas
1279 3846 1309 3879 ex
1327 3830 1380 3895 qui·

231 3893 298 3941 vultu
309 3892 437 3957 depravato
451 3893 477 3941 in
488 3909 544 3943 cera
554 3894 636 3958 effingi
646 3903 671 3942 et
681 3894 789 3959 proponi,
821 3894 877 3950 bus,
890 3893 972 3942 relicto
983 3847 1054 3960 piino
1103 3888 1106 3896 ¹
1137 3894 1261 3950 osstudio,
1274 3894 1346 3943 unice
1356 3896 1382 3943 in

231 3955 266 4005 ita
277 3972 321 4005 nec
332 3973 402 4021 prave
414 3958 483 4006 lactis
490 3960 596 4008 versibus
605 3957 719 4007 celebrari
727 3958 788 4015 volo,
822 3967 940 4022 postorum
958 3958 1067 4024 philosop
1085 3958 1114 4006 ie
1132 3974 1227 4023 operam
1244 3958 1300 4007 dare
1315 3959 1381 4017 velit,

231 4036 263 4069 ne
273 4020 376 4069 donatus
388 4023 489 4085 (pingui
500 4026 608 4086 mutiero)
620 4023 724 4072 carmine
736 4022 789 4086 pin·
821 4022 947 4087 exposuit3
970 4031 1097 4087 precepta,
1109 4038 1163 4087 quae
1176 4038 1219 4070 nos
1230 4022 1349 4089 sapienter
1359 4032 1383 4073 et

232 4085 274 4148 gui
285 4086 397 4133 Minerva
414 4087 487 4141 lacto,
498 4104 547 4135 rem
565 4086 701 4153 pudendam
717 4101 788 4151 expe·
822 4085 923 4135 feliciter
934 4086 1012 4135 vivere
1024 4086 1133 4143 doceant,
1144 4086 1266 4152 adspergit
1276 4087 1382 4137 saluber-

231 4150 359 4205 riar,etin
372 4166 428 4198 arca
441 4160 524 4216 aperta
538 4162 657 4216 porrectus
671 4166 720 4199 una
735 4166 791 4199 cum
823 4150 892 4199 rima.
927 4151 987 4199 Haec
1002 4150 1116 4215 Epistola,
1127 4152 1153 4199 in
1167 4167 1217 4216 qun
1232 4151 1326 4215 egregie
1341 4168 1382 4201 er·

232 4224 302 4279 poeta
312 4230 365 4263 meo
376 4214 467 4264 deserar
479 4214 504 4263 in
514 4216 603 4273 vicum,
616 4216 658 4264 ubi
671 4218 696 4264 in
713 4216 791 4263 taber·
841 4230 905 4263 ressa
922 4215 1031 4263 estratio
1048 4231 1096 4279 qua
1113 4216 1144 4263 ad
1162 4232 1187 4265 se
1205 4216 1306 4265 invicem
1325 4218 1383 4264 scri-

234 4279 272 4327 uis
295 4278 470 4340 (mammen)
494 4279 628 4329 venduntur
650 4288 688 4327 tus
710 4289 734 4327 ct
756 4294 793 4327 res
855 4296 879 4327 re
891 4278 970 4327 solent
978 4279 1218 4337 familiarissimi,non
1230 4280 1281 4329 sine
1292 4294 1385 4328 summa

233 4343 363 4398 odorifere,
376 4353 401 4392 et
416 4344 492 4409 piper,
504 4354 528 4393 et
543 4342 662 4418 quidquid
679 4342 794 4392 mercium
825 4343 948 4409 voluptate
968 4343 1014 4407 legi
1037 4352 1122 4408 potest.
1156 4344 1258 4393 Mirifice
1277 4344 1385 4410 inprimis

234 4406 322 4455 chartis
333 4406 459 4456 inutilibus
469 4408 607 4457 involvitur.
827 4407 932 4457 delectat
963 4407 1088 4474 descriptio
1120 4408 1253 4471 mangonis,
1280 4424 1384 4467 servum,

265 4472 323 4519 260.
341 4473 427 4529 Stulte,
440 4488 487 4521 non
505 4472 534 4521 ad
551 4472 694 4535 diligit,sed
709 4472 740 4521 ad
757 4490 797 4519 nr·
829 4487 901 4536 quem
921 4472 1060 4521 venditurus
1081 4480 1126 4528 est,
1146 4482 1301 4521 mercatorum
1323 4488 1387 4523 more

231 4545 271 4597 get
287 4536 436 4585 referendum
448 4536 558 4598 videtur,
577 4536 646 4602 posui
659 4537 732 4601 igitur
742 4545 797 4603 post
828 4535 949 4585 verbosius
959 4536 1041 4585 emtori
1052 4536 1253 4597 commendantis5
1269 4546 1320 4585 tum
1332 4535 1387 4585 nni-

234 4601 304 4647 rtutte
313 4599 489 4649 distinctionem
501 4602 625 4649 minorem.
829 4600 888 4649 ratio
905 4600 935 4649 de
952 4601 1026 4650 milite
1045 4601 1155 4673 quodum,
1172 4600 1223 4675 qui.
1240 4617 1296 4649 cum
1315 4610 1386 4649 noctu

266 4665 326 4713 260.
343 4664 478 4713 Perfectus:
497 4681 546 4714 non
557 4664 620 4714 male
633 4666 690 4714 Vet.
704 4666 796 4723 schol„
829 4664 894 4714 omni
906 4664 1010 4729 pecunia
1021 4672 1126 4730 privatus
1136 4664 1166 4712 de
1181 4674 1272 4729 integro
1287 4664 1332 4712 sibi
1345 4680 1387 4731 pa-

234 4730 301 4790 quoii
320 4739 423 4780 mortum
443 4732 470 4779 iri
485 4730 586 4797 feretro.
624 4729 672 4780 sod
692 4729 752 4780 mihi
771 4728 797 4779 in
831 4736 905 4780 rarat
924 4728 986 4779 unde
1000 4729 1098 4789 viveret,
1111 4727 1179 4777 nulla
1196 4728 1282 4781 deinde
1301 4728 1387 4779 adhor-
