3659 5892
634 543 850 623 LIBERI,
876 546 926 610 16.

288 694 454 760 Detulerit
469 695 575 761 fasces
590 696 737 781 indigno,
752 696 905 763 detrahet
920 698 1016 764 idem.

220 796 264 859 35
284 794 388 874 Pone,
402 819 510 863 meum
523 808 586 876 est,
599 798 725 881 inquit:
749 821 848 883 pono,
865 799 1033 884 tristisque
1048 802 1178 867 recedo.

284 897 389 976 Idem,
405 898 434 963 si
448 898 565 964 clama
579 898 695 977 t’urem,
710 911 810 985 neget
824 922 897 967 esse
911 902 1079 987 pudicum,

283 998 471 1064 contendat
484 999 602 1086 laqueo
617 999 735 1065 collum
749 1002 910 1086 pressisse
924 1014 1115 1087 paternum

284 1100 444 1166 Mordear
457 1102 643 1187 opprobriis
658 1101 760 1180 falsis,
776 1113 963 1188 mutemque
978 1106 1103 1171 colores
1115 1110 1128 1171 l

282 1201 400 1269 Falsus
414 1204 520 1269 honor
530 1205 636 1290 juvat,
651 1215 685 1269 et
699 1205 841 1270 mendax
854 1202 987 1271 infamia
1002 1202 1114 1285 terret,

219 1304 263 1368 40
284 1304 403 1383 Quem,
431 1306 495 1369 nisi
519 1305 711 1377 mendosum
739 1318 774 1371 et
801 1307 1054 1376 medicandum?
1088 1308 1151 1375 Vir
1170 1311 1276 1383 bonus
1300 1319 1351 1375 est

415 1408 489 1491 quis
500 1410 513 1471 7

284 1506 352 1581 Qui
365 1507 515 1573 consulta
527 1518 668 1594 patrum,
682 1510 740 1594 qui
755 1508 846 1594 leges
856 1512 998 1596 juraque
1013 1522 1137 1591 sersat3

285 1608 364 1683 Quo
377 1609 489 1674 multoe
503 1632 693 1695 magnaeque
708 1622 860 1676 secantur
869 1612 983 1697 judice
998 1612 1093 1692 litcs3

284 1710 363 1785 Quo
377 1734 430 1777 res
446 1734 616 1797 sponsore,
631 1723 667 1777 et
680 1734 747 1798 quo
760 1735 869 1779 causoe
884 1725 968 1780 teste
983 1725 1147 1780 tenentur.

282 1812 350 1878 Sed
364 1814 455 1879 videt
468 1814 557 1880 hunc
571 1816 676 1891 omnis
693 1815 810 1885 domus
825 1827 860 1882 et
874 1817 991 1881 tietnia
1006 1826 1075 1881 tota

218 1915 261 1977 45
282 1914 448 1982 introrsus
463 1928 603 2003 turpem,
619 1919 803 2003 speciosum
818 1918 903 2002 pelle
918 1919 1048 1992 decora,

281 2015 355 2083 Neo
371 2016 494 2083 furtum
506 2019 581 2097 feci,
598 2040 658 2084 nec
674 2018 755 2104 fugi,
772 2020 800 2083 si
815 2020 895 2084 mihi
909 2021 998 2095 dicat

284 2119 423 2200 Servus;
451 2122 568 2189 Habes
582 2124 737 2207 pretium,
750 2123 827 2186 loris
842 2145 908 2188 non
922 2126 1038 2201 ureris,
1055 2126 1117 2189 aio.

282 2222 361 2287 Non
374 2222 537 2288 hominem
551 2225 674 2288 occidi:
698 2223 778 2287 Non
792 2246 909 2308 pasces
923 2226 958 2288 in
973 2248 1070 2291 cruce
1085 2248 1211 2291 corvos.

281 2323 362 2387 Sum
373 2326 481 2390 bonus
495 2334 530 2389 et
544 2323 642 2409 frugi.
686 2324 812 2388 Renuit
827 2327 1016 2411 negitatque
1033 2326 1203 2392 Sabellus:

218 2425 261 2488 50
282 2425 407 2491 Cautus
422 2428 508 2492 enim
522 2428 638 2492 metuit
653 2425 779 2491 foveam
792 2425 902 2513 lupus,
918 2430 1138 2515 accipiterque

281 2527 459 2614 Suspectos
474 2530 620 2615 laqueos,
636 2540 671 2593 et
685 2538 836 2613 opertum
849 2529 977 2595 milvius
992 2530 1132 2595 hamum.

194 2733 490 2796 postavmmoatabrn.
514 2735 753 2797 Sametinanbigaa,
819 2734 860 2788 43.
889 2734 1015 2790 Torrentur,
1037 2733 1182 2791 obtinentur,
1206 2734 1236 2781 ab
1259 2733 1347 2801 injuria

193 2796 258 2844 sinat
267 2811 321 2846 essa
330 2796 356 2845 in
367 2798 489 2864 ambiguo,
501 2815 532 2849 ue
543 2797 638 2848 scilicet
652 2798 754 2847 alterurn
786 2796 955 2846 vindicantur:
972 2798 1083 2862 exempla
1094 2797 1252 2847 Ciceroniana
1263 2798 1312 2845 vid.
1322 2798 1347 2845 in

195 2860 226 2908 ab
235 2860 311 2909 altero
321 2861 347 2909 in
355 2878 436 2912 amore
445 2863 551 2929 superari
562 2871 685 2928 appareat.
787 2862 883 2910 Ernest.
894 2862 966 2912 Clav.
978 2861 1032 2911 Cic.
1044 2878 1064 2910 s.
1075 2878 1100 2911 v.
1113 2862 1207 2911 Tenere.

226 2927 266 2973 29.
293 2927 396 3001 dugenti
417 2930 496 2976 laudet
592 2944 641 2975 cere
664 2928 754 2987 postia?
818 2929 861 2978 45.
886 2925 1004 2975 Introrsus
1024 2937 1123 3001 turpem,
1145 2929 1266 2989 spanianum
1288 2927 1348 2987 pelte

194 2990 753 3122 :transmaritanus
784 2991 1346 3121 ,373μὲἓὲῗῶζιᾱὲρἰῇῗξῗέἒὶἱᾶἷ

196 3116 260 3166 adte
271 3119 416 3168 nausiet-ast
786 3120 912 3167 introrsum
920 3122 1006 3181 turpis.

225 3182 267 3230 30.
285 3182 362 3237 Quam
377 3188 462 3247 patetis
477 3188 566 3248 rapient
581 3188 755 3245 emendatusque
819 3184 859 3232 47.
875 3184 998 3231 Larianon
1008 3186 1092 3241 ureris,
1107 3183 1141 3233 sic
1153 3198 1207 3250 sup.
1220 3185 1271 3232 Sat.
1282 3182 1307 3242 ii,
1321 3185 1345 3239 7,

194 3249 279 3304 meari,
291 3247 378 3297 Gracc
388 3264 439 3313 pro,
450 3264 505 3298 cum
516 3248 605 3314 pateris
619 3257 642 3298 te
657 3248 753 3314 sapien·
786 3248 827 3304 50,
840 3250 879 3295 nir
898 3250 903 3260 '
924 3250 974 3295 art.

194 3318 242 3359 msa
253 3312 456 3378 emendatumque
467 3313 556 3363 vocari.
819 3313 860 3360 49.
926 3314 962 3359 ait
974 3314 1117 3377 negitatque:
1128 3312 1202 3376 vulgo
1212 3312 1343 3376 legebatur,

225 3376 268 3423 dl.
285 3376 499 3439 Respondetnataa,
513 3381 552 3426 dic
565 3380 635 3434 tadu,
648 3379 755 3430 nornine?
786 3379 1033 3440 tanaitnegatatqua.
1066 3376 1113 3428 Sed
1125 3376 1260 3433 Bentleius,
1273 3392 1344 3441 quem

194 3440 264 3497 Sunt,
281 3440 323 3504 qui
333 3445 422 3490 nornine
431 3441 530 3506 antique
540 3459 582 3507 pro
593 3444 680 3491 nomini
691 3441 754 3507 posi·
787 3449 885 3489 secutus
894 3456 957 3496 sum,
968 3439 1097 3489 durissima
1110 3456 1139 3489 co
1156 3441 1203 3489 ula
1214 3450 1282 3503 atqua
1325 3450 1347 3489 st

193 3512 245 3552 tum
256 3520 309 3553 esse
319 3505 454 3570 opinentur,
466 3506 524 3569 qnia
537 3509 671 3571 responden
681 3508 754 3553 atiani
786 3514 856 3568 negat
867 3503 1024 3553 collocatione
1037 3505 1092 3574 jura
1109 3519 1123 3552 o
1141 3522 1222 3559 susus,
1238 3504 1269 3561 ad
1285 3456 1344 3554 drio-

193 3568 334 3618 retdicitur.
360 3570 576 3628 Ssdvid0,anbic
592 3572 660 3622 locus
677 3568 753 3635 expli·
786 3584 839 3617 rum
859 3568 955 3634 optima
977 3576 1039 3617 notu
1061 3567 1139 3619 Codd.
1158 3568 1228 3617 fidem
1248 3569 1344 3635 recepit,

192 3631 242 3707 cari
256 3634 329 3708 possit
345 3635 395 3683 sic:
416 3633 466 3691 dic,
482 3651 574 3699 quaeso,
587 3633 754 3710 ⁸respondesne
786 3636 865 3707 nennit
876 3636 1018 3697 negitatque.
1033 3634 1099 3708 ‘Vox
1110 3636 1214 3707 negitqrc
1227 3632 1292 3697 apud
1302 3650 1345 3698 op-

192 3698 752 3828 tatttdddttfltttttdt:
785 3704 978 3827 illidi?
994 3698 1347 3826 lllldssalllltal‘lll.

192 3824 260 3937 n·
273 3890 743 3942 a.
786 3825 1347 3941 tantmmitiliani

193 3908 376 4020 dum'sapie'nlis
386 3908 652 4022 ameidatiquldlnomin
663 3926 752 4021 gerini,
785 3908 911 4013 itatettam,
925 3954 1003 4019 quasi,
1015 3955 1057 4018 qui
1074 3970 1128 4004 rure
1141 3955 1233 4012 vivunt,
1250 3954 1346 4005 liberius

205 4082 210 4092 Ι
226 4019 267 4067 3³.
283 4020 391 4086 Auferet,
403 4036 536 4070 nonomen
546 4021 603 4070 boni
613 4031 639 4071 ct
649 4021 752 4087 prudeu·
784 4026 810 4073 cl
820 4020 924 4130 apertius
936 4020 1072 4084 loquantur.

193 4091 233 4131 trs.
269 4084 310 4140 Ut,
321 4088 350 4141 εἰ,
362 4085 504 4150 ut,siquis.
818 4086 834 4131 5
852 4116 859 4130 .
877 4085 990 4133 Milvius:
1009 4098 1056 4132 non
1068 4098 1142 4148 rapax
1153 4090 1245 4133 tantum
1263 4084 1314 4132 avis
1333 4100 1347 4135 e

225 4148 266 4203 36,
278 4148 320 4197 ³7.
336 4150 409 4206 idem,
419 4154 440 4198 ti
450 4152 541 4207 elam,
552 4165 591 4199 me
602 4148 753 4215 eausam,
785 4162 870 4211 genere
881 4148 1031 4224 accipitrum,
1040 4148 1081 4197 sed
1091 4162 1162 4223 rapax
1171 4164 1267 4260 quoque
1276 4149 1348 4222 piscis

192 4227 232 4260 me
247 4215 359 4275 pudicum
375 4230 420 4263 otte
435 4224 511 4278 negat,
522 4231 561 4263 me
574 4216 658 4263 collum
675 4224 753 4277 petar·
786 4226 873 4260 nomeu
894 4221 954 4276 gent
978 4216 1061 4269 milvii,
1084 4229 1126 4277 qut
1148 4228 1178 4260 vo
1189 4220 1240 4261 tuti
1261 4213 1347 4261 similis

192 4294 249 4324 narn
263 4278 343 4341 laquea
357 4282 462 4341 prmbte
473 4278 594 4344 (fregisse
605 4294 643 4328 me
656 4278 754 4343 parrici-
786 4276 872 4341 prada
882 4277 1007 4342 captanda
1023 4292 1097 4325 causa
1113 4293 1142 4324 su
1160 4292 1186 4325 ra
1200 4292 1263 4325 mare
1275 4292 1300 4326 se
1312 4287 1347 4326 at·

194 4339 249 4389 dam
260 4342 326 4404 csse)
338 4346 470 4393 contendat.
787 4339 871 4389 tollere
887 4340 988 4389 dicitur:
1005 4340 1055 4389 vid.
1066 4342 1134 4390 Plin.
1173 4376 1179 4389 .
1189 4342 1224 4390 N.
1237 4340 1287 4398 viii,
1298 4344 1347 4401 26;

226 4406 267 4454 39.
285 4407 377 4463 Fabiu,
391 4407 531 4456 immeritus.
788 4404 862 4454 Ovid.
871 4405 980 4455 Halicut.
989 4422 1011 4454 v.
1020 4408 1062 4461 95,
1073 4406 1134 4453 Nam
1143 4408 1247 4471 gaudent
1257 4408 1347 4470 pelago,

226 4471 267 4518 40.
294 4471 468 4527 Medicandnnt,
495 4472 616 4529 insanum,
644 4473 753 4529 stultum,
787 4470 1347 4533 qualetSoomtriqtseBontsqn-e,Hippuricelerer,

193 4531 316 4584 helleboro
327 4536 471 4584 curandum.
787 4544 809 4582 et
818 4536 887 4597 nigro
899 4544 988 4599 tergore
999 4534 1076 4582 Miloi.
1096 4535 1193 4583 tttttvtaa
1204 4533 1235 4581 ad
1246 4533 1347 4598 piscium

226 4601 266 4647 42.
284 4599 406 4658 Secuntur,
423 4599 573 4658 dirimuntur,
590 4609 618 4648 ut
635 4615 690 4665 sup.
703 4602 755 4648 Sat.
788 4598 1350 4664 genusCoryphaqarunt(Doraden)pertinere

193 4661 312 4721 i,10,15,
327 4664 757 4713 Ridiculurnacrifortimetnatiur
788 4662 890 4713 videtur.
925 4662 1266 4725 Opcrtum,escaobductum;
1283 4662 1348 4712 simi·

193 4744 288 4793 magnas
296 4730 430 4793 plerumque
440 4738 499 4778 secat
511 4746 555 4777 m.
705 4766 711 4769 .
784 4726 843 4803 ,liter
853 4743 908 4793 sup.
920 4728 998 4793 Epist.
1009 4726 1027 4783 i,
1039 4728 1053 4775 7
1057 4762 1064 4784 ,
1077 4729 1118 4783 74,
1129 4729 1208 4775 bamur
1218 4729 1327 4777 occultus.

759 4810 792 4842 tt
