3659 5892
670 542 902 612 CARMEN
930 546 962 609 9.

414 697 451 765 lo
466 698 667 785 Triumphe!
692 709 729 763 tu
743 698 878 762 moraris
894 720 1012 762 aureos

545 802 682 879 Currus,
698 811 731 865 et
746 801 884 864 intactas
900 800 1019 877 boves3

414 904 451 969 Io
465 902 666 989 Triumphe!
690 919 750 968 nec
765 902 788 967 J
790 901 969 987 ugurthino
982 923 1094 987 parem

543 1005 638 1071 Bello
653 1006 828 1091 reportasti
843 1005 960 1069 ducem
972 1030 982 1083 ς

350 1110 394 1175 25
415 1110 535 1195 Neque
550 1106 754 1186 Africanum,
770 1108 825 1172 cui
840 1128 940 1192 super
954 1105 1186 1191 Carthaginem

545 1212 662 1279 Virtus
678 1210 863 1295 sepulcrum
877 1208 1036 1275 condidit.

414 1315 522 1383 Terra
535 1316 681 1399 marique
696 1315 800 1379 victus
815 1312 933 1390 hostis,
949 1310 1077 1376 Punico

547 1417 706 1503 Lugubre
720 1415 857 1481 mutavit
872 1436 997 1499 sagum

415 1517 488 1584 Aut
502 1520 556 1585 ille
570 1530 701 1585 centum
714 1517 856 1583 nobilem
871 1517 1003 1582 Cretam
1017 1517 1167 1597 urbibus,

352 1622 395 1685 30
544 1621 664 1687 Ventis
679 1622 784 1685 iturus
799 1642 865 1685 non
881 1621 967 1699 suis3

417 1723 628 1788 Exercitatas
643 1736 700 1789 aut
713 1724 797 1808 petit
812 1722 926 1807 Syrtes
942 1722 1046 1801 Noto,

547 1825 618 1891 Aut
633 1825 738 1891 fertur
752 1826 878 1890 incerto
893 1826 984 1890 mari.

419 1927 618 2014 capaciores
633 1927 716 1993 affer
730 1919 807 2004 huc,
822 1948 916 2011 puer,
932 1926 1084 2013 scyphos,

549 2030 596 2096 Et
611 2031 695 2095 Chia
709 2030 795 2108 rins,
811 2040 869 2095 aut
884 2030 1025 2110 Lesbia3

243 2236 274 2271 er
293 2220 418 2269 Plutarch.
429 2219 455 2268 iu
475 2220 565 2268 llutos.
577 2234 601 2285 p.
615 2220 664 2268 345
680 2216 804 2267 discimus.
876 2218 983 2267 21-26.
1012 2218 1038 2268 lo
1065 2218 1209 2282 Triumpho!
1240 2216 1400 2285 Triumphum

244 2285 355 2350 Interque
364 2288 432 2349 rigna
443 2294 510 2346 turpe
521 2285 636 2332 militaria
653 2284 691 2331 Sol
767 2285 773 2295 ’
786 2285 805 2357 it
838 2287 954 2357 tauquam
965 2284 1046 2332 Deum
1060 2299 1076 2359 a
1091 2285 1174 2359 pellat,
1186 2284 1257 2349 eique
1267 2298 1340 2332 morse
1353 2284 1399 2331 im·

244 2347 722 2489 sttuittitlttzttttt.
738 2362 806 2477 rull.
837 2348 1399 2479 titttttfttdttttttttttz

244 2478 354 2529 mollitiei
370 2494 467 2543 signum
481 2478 618 2543 conopiurn,
630 2492 672 2543 pro
689 2477 764 2533 unni,
783 2483 808 2525 et
838 2490 962 2538 gressuros
978 2478 1018 2534 sit,
1030 2478 1144 2543 triumphi
1160 2478 1298 2543 spectaculo
1315 2476 1399 2535 inhiet,

245 2542 307 2591 iuter
317 2544 386 2607 signa
396 2542 508 2592 militaria
518 2543 644 2609 conopium
657 2540 806 2590 animadvcr·
839 2538 955 2589 declarat.
986 2544 1173 2601 Aureoscurrus,
1182 2559 1213 2591 ex
1220 2544 1290 2591 ebora
1300 2542 1365 2591 enirn
1375 2550 1401 2591 et

244 2616 294 2657 tere
304 2608 370 2657 licet.
404 2609 528 2670 canapium
540 2616 704 2671 etconopeum,
716 2606 805 2664 velum,
839 2620 896 2653 auro
902 2608 1135 2656 constructiluerunt
1141 2622 1224 2656 currus
1231 2606 1399 2671 triumphales:

245 2688 294 2737 quo
309 2672 414 2738 AEgyptii
427 2672 458 2720 sd
473 2671 587 2721 arcendos
601 2671 691 2720 culices
706 2670 806 2719 uteban-
839 2668 869 2717 de
888 2687 947 2718 auro
966 2670 1049 2720 laudat
1069 2672 1221 2735 Boettigerus
1241 2670 1357 2720 Philostr.
1374 2672 1400 2721 iu

245 2746 300 2785 tur:
318 2737 367 2786 rid.
379 2738 523 2802 Interpretes
537 2744 562 2785 et
572 2738 586 2786 J
590 2737 672 2784 acohs.
683 2735 708 2783 in
720 2735 807 2789 Anium
841 2734 893 2784 Vit.
907 2734 1011 2799 Sophist.
1022 2736 1040 2791 i,
1050 2736 1075 2793 7,
1087 2754 1112 2810 p.
1124 2738 1182 2785 488.
1210 2736 1314 2784 Intortus
1324 2738 1401 2784 boves:

245 2802 302 2849 adv.
311 2801 342 2850 ad
353 2802 456 2851 Antbol.
465 2801 602 2851 Graevol.
613 2800 647 2857 iii,
656 2798 707 2865 p.i,
718 2816 742 2865 p.
751 2801 806 2849 105.
840 2799 947 2849 solemne
962 2801 1018 2849 Jovi
1035 2801 1171 2867 Capitolino
1185 2801 1216 2849 ab
1231 2801 1343 2863 Augusto
1358 2798 1400 2848 tri-

281 2868 386 2916 17-20.
405 2869 440 2914 Ad
457 2868 498 2914 bor
506 2866 642 2933 frementes,
659 2866 689 2913 ob
707 2864 752 2913 hoc
769 2866 807 2912 in·
839 2864 971 2929 umphaute
982 2864 1153 2914 instituendum
1170 2864 1322 2921 merificium,
1333 2880 1401 2914 mac·

246 2930 394 2994 dignantes;
421 2934 452 2979 ad
478 2946 529 2997 pro,
555 2931 594 2986 ob,
618 2938 728 2995 propter:
758 2929 808 2977 vid.
841 2929 914 2977 tando
929 2943 1012 2994 nempe
1027 2932 1088 2978 boves
1102 2929 1401 2987 intactas,h.e.nondum

247 2996 331 3044 Bentl.
347 2995 391 3045 inl.
410 2995 441 3043 ad
459 2997 510 3043 Sat.
523 2996 539 3050 i,
551 2996 576 3052 6,
589 2996 629 3050 87,
641 3002 665 3043 et
683 2994 807 3042 Drakenb.
843 2992 926 3057 'ugum
936 3008 1027 3059 passas,
1038 3002 1067 3042 ut
1077 3010 1129 3042 mos
1138 3002 1163 3044 et
1176 2996 1237 3043 ritus
1248 2995 1400 3060 postulabat:

246 3060 444 3115 adLiv.xrxvii,
456 3058 560 3121 27,§6,
573 3060 604 3107 Τ.
615 3058 647 3116 ir,
660 3075 684 3123 p.
697 3059 738 3107 60.
766 3058 807 3107 Bis
839 3010 910 3122 ltirg.
941 3059 1004 3108 Geo.
1033 3058 1066 3116 iv,
1097 3061 1155 3116 540,
1184 3063 1285 3108 intactos
1315 3062 1402 3108 ceruice

246 3126 311 3173 mille
329 3126 396 3173 Galli
413 3142 479 3187 equor
496 3134 625 3179 omnent,
641 3123 700 3172 he.
718 3132 806 3172 averte·
832 3125 957 3184 juvencas.
1000 3122 1050 3172 Nec
1070 3124 1215 3186 iugurthino
1234 3140 1315 3187 parem
1336 3124 1403 3173 Bello

246 3198 311 3247 runt,
336 3190 367 3239 ab
391 3188 497 3239 Antonio
518 3187 657 3238 deiecerunt
669 3205 676 3247 ;
704 3198 809 3237 correntes
840 3192 963 3249 reportasti
978 3190 1056 3236 ducem
1067 3207 1076 3247 ,·
1094 3189 1172 3253 ll'eqrte
1183 3189 1332 3254 Africanum,
1343 3198 1401 3237 cett.

249 3254 369 3311 Curarem,
382 3254 503 3303 Caesarem
518 3253 609 3302 salvere
618 3252 737 3317 jubentes,
749 3253 773 3301 lr.
785 3268 809 3302 e.
840 3268 885 3300 nec
898 3252 979 3300 Mario
989 3252 1020 3301 de
1030 3253 1093 3301 victo
1102 3253 1231 3317 iugurtha,
1241 3268 1285 3301 nee
1294 3252 1402 3318 Scipioni

247 3318 278 3366 ad
288 3319 406 3367 Caesarem
418 3327 583 3377 transeuntes;
599 3318 725 3365 eonsilium
738 3316 810 3380 igitur
842 3316 958 3364 Africano
966 3317 996 3365 de
1005 3332 1088 3367 eversa
1094 3318 1240 3381 Carthagine
1249 3318 1311 3366 tanti
1320 3318 1401 3383 splen·

247 3380 318 3439 illud,
335 3400 382 3449 quo
399 3384 471 3448 paulo
488 3390 544 3431 ante
561 3398 666 3447 pugnarn
683 3381 809 3431 Actiacam
841 3380 905 3429 doris
925 3381 1059 3448 triumphus
1080 3382 1189 3446 contigit,
1213 3382 1237 3430 h.
1253 3398 1277 3431 e.
1297 3384 1403 3447 Augusti

247 3446 296 3495 duo
309 3448 513 3512 Gallograeeomm
529 3448 550 3495 s'.
567 3447 709 3497 Galatarum
725 3445 809 3504 duces,
841 3445 918 3509 gloria
928 3446 1044 3502 omniurn,
1054 3446 1096 3511 qui
1104 3462 1210 3511 unquam
1219 3447 1402 3512 triumpharunt,

248 3511 411 3561 Deiotaruset
419 3510 755 3576 Amyntas,ad0ctavianum
766 3510 807 3559 de·
841 3510 942 3573 gloriam
958 3520 1062 3578 superat.
1097 3513 1142 3560 Cai
1157 3528 1226 3573 saper
1237 3514 1402 3576 Carthaginem

247 3576 537 3639 lecissetraduntur(vid.
546 3576 669 3625 Plutarch.
679 3575 704 3623 in
717 3576 809 3623 Anton.
845 3576 926 3622 l'irtus
950 3578 1080 3637 sepulcrum
1103 3578 1215 3625 cordidit.
1259 3576 1300 3624 Ad
1321 3576 1402 3639 glorie

266 3643 342 3698 .sts,
354 3651 379 3691 et
391 3642 457 3691 Vell.
469 3640 494 3699 ii,
507 3642 563 3703 ct),
575 3641 637 3689 salse
649 3650 719 3705 poeta
735 3655 750 3687 a
766 3640 808 3699 rei,
842 3640 1006 3697 eternitatem,
1018 3656 1090 3705 quam
1105 3640 1192 3689 virtute
1208 3656 1252 3690 sua
1269 3640 1315 3688 sibi
1333 3655 1402 3705 pare-

248 3656 368 3755 llomanis
379 3706 587 3762 inhonestissimis,
598 3704 761 3769 indignatione
772 3720 808 3754 re·
841 3704 901 3751 verit
921 3706 1012 3771 Scipio,
1029 3704 1211 3769 significandam
1228 3705 1334 3754 suaviter
1351 3705 1404 3771 ipsa

248 3772 317 3835 petit.
351 3771 521 3835 Hostilinmque
538 3773 633 3819 numum
648 3780 718 3833 porta
738 3772 811 3818 latent
843 3768 938 3825 Virtus,
956 3780 983 3819 ut
1005 3771 1068 3826 Dea,
1089 3770 1223 3837 sepulcrum
1245 3770 1296 3819 sive
1317 3786 1403 3819 monu-

249 3834 511 3897 Pnppessr'nirtrrrmm
526 3838 585 3891 dtr,
598 3836 622 3883 h.
633 3850 656 3883 e.
668 3844 696 3883 ut
707 3835 811 3899 Boettig.
842 3841 950 3883 mentum
972 3850 1044 3901 super
1068 3834 1239 3900 Carthaginem
1260 3834 1404 3885 exstruxisse

249 3896 315 3947 hunc
333 3900 413 3949 locum
430 3901 502 3965 paulo
517 3899 689 3966 impeditiorem
701 3891 812 3965 expedire
843 3894 949 3961 fingitur.

250 3964 352 4022 studuit,
369 3975 394 4015 et
411 3980 465 4030 pars
477 3965 574 4015 navium
583 3964 706 4013 hostilium
715 3963 811 4030 perfide,
876 3964 985 4011 27-32.
1011 3963 1101 4011 Punico
1120 3964 1232 4028 Imgutrs
1249 3967 1349 4014 mutavit
1366 3982 1402 4013 m·

249 4026 308 4077 dum
325 4032 485 4095 pugnabatur,
499 4046 514 4079 a
530 4029 626 4078 sinistra
644 4038 710 4095 parte
726 4036 810 4078 retror·
841 4044 907 4094 grim,
930 4028 1025 4077 inversa
1047 4029 1223 4077 constructione
1248 4045 1298 4095 pro,
1319 4044 1403 4094 sagum

249 4106 303 4143 sum
315 4104 432 4153 actarum,
444 4094 469 4143 iu
481 4102 550 4161 portu
562 4094 646 4142 latent.
674 4095 809 4156 Pupprsci-
843 4092 974 4159 puniceum
992 4093 1043 4141 sire
1077 4108 1206 4158 urpureum
1228 4094 1330 4142 mutavit
1347 4111 1403 4144 cum

250 4168 293 4207 tc:
309 4176 409 4223 puppem
424 4162 483 4211 cirre
501 4158 636 4225 (πρύμναν
652 4159 810 4223 spatiamini,
843 4166 909 4207 veste
936 4156 1040 4215 sordida,
1060 4109 1089 4205 l.
1111 4174 1133 4206 e.
1156 4174 1276 4233 purpureo
1302 4158 1404 4223 paluda-

251 4224 307 4271 Lat.
323 4228 391 4272 remis
408 4225 526 4287 inhibere)
537 4222 657 4281 dicuntur,
669 4223 711 4287 qui
725 4222 756 4271 ad
774 4223 810 4272 lu·
844 4232 935 4279 mento,
952 4222 1101 4289 imperatoris
1117 4222 1215 4287 insigni,
1225 4222 1254 4272 de
1298 4222 1339 4281 ito,
1351 4240 1404 4273 ves-

251 4302 307 4350 gam
324 4290 363 4337 rel
381 4287 538 4339 delectionem
556 4287 762 4345 dissimulandam,
780 4290 814 4337 ita
845 4296 902 4345 tem,
919 4304 974 4353 qun
990 4296 1106 4335 mutatam
1121 4298 1208 4336 sortem
1223 4288 1249 4337 in
1267 4288 1348 4345 iceret,
1366 4289 1404 4337 iu·

251 4367 338 4402 navem
350 4362 410 4403 retro
421 4362 504 4414 agunt,
517 4362 545 4401 ut
556 4352 649 4402 inverso
660 4368 733 4403 cursu
744 4368 812 4419 prora
844 4351 905 4401 duit.
949 4354 1046 4401 Centum
1064 4355 1161 4401 nobilem
1184 4353 1277 4401 Cretam
1295 4355 1405 4402 artibus:

250 4427 813 4539 tttttrt?..tltitl‘tttfittttt
844 4416 895 4543 ll·
909 4416 1125 4547 ,turribii
1138 4417 1406 4539 tt..t.⁰3¹³'tt,·t·.t

251 4555 321 4612 portu
333 4546 358 4595 in
370 4548 446 4596 altum
454 4556 545 4603 erecta,
557 4545 704 4596 dextrorsum
716 4547 812 4595 ltaliam
845 4563 896 4595 mos
913 4548 1011 4595 baham
1027 4550 1090 4595 deor.-
1108 4548 1140 4595 cl.
1150 4561 1179 4594 su
1198 4546 1248 4594 .sd
1265 4545 1298 4602 iv,
1313 4548 1352 4601 14,
1364 4548 1405 4595 3³.

249 4626 333 4660 versus
342 4612 406 4661 acies
414 4611 557 4679 explicanda
565 4620 635 4669 esset,
644 4628 717 4661 nares
725 4628 813 4677 pugnus
847 4612 907 4660 Noto
918 4615 1065 4666 ‚exercitatas
1083 4610 1109 4660 h.
1122 4627 1144 4661 e.
1187 4620 1226 4659 oto
1242 4620 1353 4660 sesama:
1373 4612 1407 4659 cl.

251 4692 277 4724 ss
296 4676 449 4726 subductum
465 4677 625 4727 sinistmrsum
641 4678 666 4725 in
681 4686 774 4743 portum
787 4692 813 4726 se
845 4692 900 4740 sup.
911 4676 943 4725 ad
953 4676 971 4732 i,
983 4678 1024 4734 22,
1036 4678 1062 4725 5.

252 4740 356 4807 racipere
368 4742 495 4792 debebant.
884 4742 997 4791 33-38.
1026 4742 1160 4804 Coprriores
1179 4740 1238 4805 affer
1261 4742 1313 4801 lac,
1335 4756 1406 4802 puer,
