3659 5892
502 555 569 620 220
932 547 1230 616 CARMINUM

590 703 701 771 Mutet
715 716 803 771 terra
817 703 921 770 vices:
945 713 979 768 et
991 701 1214 768 decrescentia
1227 701 1316 785 ripas

632 807 781 873 Flumine
795 815 1015 893 praetereunt:

538 911 560 976 5
592 909 710 974 Gratia
725 931 799 975 cum
812 908 978 994 Nymphis
993 907 1195 993 geminisque
1209 905 1385 972 Sororum
1400 902 1502 968 sudet

635 1012 768 1078 Ducere
783 1012 873 1077 nuda
887 1010 1017 1076 choros.

591 1113 789 1182 Immortalis
802 1136 844 1179 ne
859 1135 984 1198 speres,
998 1122 1108 1177 monet
1122 1109 1252 1187 Annus,
1268 1119 1303 1175 et
1316 1109 1437 1175 simum

633 1217 721 1292 Quae
733 1217 820 1301 repit
835 1215 931 1280 Horo
945 1214 1042 1280 diem.

590 1319 729 1405 Frigore
742 1319 916 1383 mitescunt
932 1314 1115 1401 Zephyris:
1139 1315 1211 1380 Ver
1221 1313 1363 1400 proterit
1377 1311 1507 1390 AEstes,

530 1423 572 1488 10
635 1419 823 1498 Intermere,
839 1417 935 1484 simul

593 1521 737 1589 Pomifer
752 1520 961 1587 Auctumnus
975 1518 1087 1606 fruges
1102 1516 1277 1584 effuderit:
1300 1529 1335 1584 et
1348 1539 1425 1583 rnox

636 1625 760 1690 Bruma
774 1624 914 1690 recurrit
928 1623 1026 1687 iners.

593 1728 724 1793 Demne
738 1737 847 1792 temen
860 1725 983 1791 celeres
997 1734 1152 1810 reperent
1165 1723 1312 1790 coelestie
1324 1723 1429 1804 lunae3

634 1829 720 1909 Nos,
735 1829 794 1894 ubi
807 1828 1000 1905 decidimus,

532 1935 572 2018 lp
594 1933 672 2007 Quo
687 1933 762 2018 pius
777 1930 915 2008 AEness,
932 1953 999 2015 quo
1013 1929 1105 1994 dives
1119 1927 1239 1994 Tullus
1253 1940 1288 1993 et
1303 1927 1430 2007 Ancus,

637 2033 749 2098 Pulvis
764 2042 799 2099 et
814 2034 930 2098 umbre
945 2053 1067 2097 sumus.

506 2224 540 2273 es.
551 2237 648 2290 quoqne
658 2219 689 2269 de
700 2217 764 2269 reris
777 2218 936 2287 descriptione
945 2219 1008 2268 inlrs
1017 2233 1070 2269 esr-
1100 2234 1228 2270 excessum
1241 2228 1287 2276 est.
1305 2219 1406 2269 sinum
1425 2217 1663 2331 summense-gn

507 2302 563 2338 men
574 2285 750 2336 duodecimum.
1100 2284 1373 2350 effuderit,vel,ntini.
1387 2283 1556 2350 Epod.e,17‚
1586 2283 1662 2341 citur,

544 2352 615 2400 1-6.
639 2351 719 2398 Mutat
736 2357 799 2397 terro
815 2351 883 2406 eires,
903 2365 947 2415 pro
965 2347 1069 2412 vulgari,
1100 2352 1207 2398 derorum
1216 2350 1664 2412 mnibmpomnmpsrmtmsuteru,

508 2423 570 2466 terre
578 2411 1068 2472 muteturenuivicissitudine,h‚e.terrs,
1100 2428 1144 2480 pro
1165 2413 1268 2479 rulgsri,
1291 2415 1391 2473 venerit,
1409 2413 1523 2463 redierit:
1545 2413 1664 2478 ewssderit,

508 2479 566 2530 dum
577 2497 618 2530 ver
632 2495 673 2546 pro
688 2476 746 2527 enni
760 2476 926 2527 vicissitudine
937 2477 1007 2534 redit,
1021 2479 1068 2527 lor·
1100 2493 1135 2527 sc.
1146 2493 1161 2527 e
1172 2493 1247 2527 cornu
1257 2479 1338 2544 pleno,
1353 2477 1419 2544 quod
1433 2486 1566 2528 suctumno
1581 2477 1666 2544 perite

509 2561 573 2594 mem
592 2543 718 2594 hiemelem
738 2558 793 2591 cum
812 2557 885 2590 verns
903 2551 990 2591 mutot-
1009 2545 1069 2609 Sup.
1101 2557 1130 2592 ec
1148 2543 1231 2608 copie
1247 2559 1302 2618 sup.
1319 2543 1338 2602 i,
1359 2545 1397 2601 17,
1418 2544 1458 2600 16,
1475 2553 1500 2592 et
1517 2542 1563 2591 iul.
1584 2544 1665 2593 cun.

510 2609 591 2660 Cerm.
609 2609 627 2666 i,
639 2611 664 2666 4,
681 2609 703 2664 l,
719 2607 823 2656 Solvitur
837 2610 898 2655 ocris
914 2609 984 2655 diens
998 2618 1070 2672 grato
1101 2608 1154 2656 Sec
1164 2625 1189 2656 v.
1200 2609 1243 2666 60,
1253 2607 1373 2657 tribuitur.
1405 2608 1666 2665 &morumne

509 2679 557 2723 vice
577 2677 646 2724 cerir.
691 2673 851 2722 Decrescentio
873 2675 937 2734 ripas
959 2673 1070 2721 Flumina
1101 2679 1164 2721 terra
1201 2672 1289 2722 diescit
1310 2681 1336 2722 et
1359 2674 1421 2738 op'us
1447 2671 1566 2720 rusticum
1589 2671 1665 2738 friga.

508 2748 661 2802 protererent:
681 2736 789 2794 flumine,
808 2751 862 2800 quie
877 2736 974 2785 nivibus
990 2736 1069 2800 lique·
1101 2736 1174 2787 Ovid.
1209 2745 1260 2785 ont.
1269 2736 1287 2794 i,
1298 2739 1324 2796 2,
1335 2739 1377 2794 26,
1392 2738 1496 2800 Etpuod
1514 2739 1581 2784 iners
1599 2739 1666 2786 hini

509 2803 578 2854 lectis
595 2803 621 2852 in
638 2810 730 2850 tentem
746 2799 896 2850 altitudinem
908 2809 1070 2858 excreverunt,
1100 2803 1254 2850 morirentur
1271 2803 1358 2864 inne,-
1375 2801 1431 2850 hinc
1448 2803 1526 2866 χεῖμα
1544 2799 1666 2867 δύσεργον

509 2877 537 2917 ut
548 2883 620 2933 supra
636 2866 700 2931 ripas
713 2864 898 2922 effunderentur,
907 2865 960 2929 jem
976 2865 1071 2916 decres-
1102 2864 1167 2931 apud
1185 2866 1258 2916 Bion.
1272 2865 1307 2923 ri,
1324 2869 1350 2916 5.
1383 2867 1414 2915 ln
1431 2865 1577 2914 ”nuntiem
1595 2867 1666 2932 hujus

509 2930 1075 3046 lllliffll‘lllilill‘dlffi'lffililll
1102 2929 1666 3046 dimittitemini

510 3065 576 3124 siper
586 3063 715 3125 preterire,
731 3073 783 3134 pro,
795 3059 859 3124 ripos
874 3059 1021 3124 praeterlabi,
1033 3060 1073 3109 vel
1105 3028 1389 3122 orimnorum—Estne
1405 3063 1431 3108 in
1446 3013 1666 3111 mmmdgdes'·

510 3125 572 3174 inter
583 3135 708 3189 utramque
720 3139 796 3188 mpem
810 3123 890 3188 quiete
901 3124 961 3181 labi,
978 3124 1073 3174 dicitur.
1105 3128 1151 3173 nit.
1172 3125 1304 3174 Aucnrmno
1313 3125 1383 3172 iniens
1391 3127 1474 3181 instat,
1485 3141 1536 3188 que
1545 3141 1600 3173 oere
1609 3143 1666 3176 ecn-

512 3189 598 3239 Grotic
614 3207 665 3238 mem
681 3189 802 3252 Nymphis,
814 3195 869 3236 cett.
881 3204 936 3254 sup.
946 3203 969 3236 c.
981 3190 998 3236 l.
1010 3206 1036 3238 v.
1047 3190 1072 3245 6,
1103 3191 1214 3251 poscitur.
1248 3189 1667 3240 Onniotrenseuntctrerertsrntsr.

510 3255 644 3319 Junctoepue
655 3253 769 3318 Nymphis
781 3253 870 3300 Gratiae
880 3255 981 3301 deantes
990 3254 1070 3303 Alter·
1137 3253 1243 3302 13-16.
1270 3254 1365 3302 Durine
1391 3263 1469 3302 tomen
1494 3255 1590 3310 celeo,
1612 3265 1666 3304 cett.

511 3337 541 3368 no
552 3328 638 3368 terram
648 3321 757 3382 quatiunt
768 3319 831 3380 pede.
866 3317 951 3366 ll'uds:
970 3333 1024 3384 sup.
1034 3315 1070 3376 iii,
1103 3317 1161 3366 enni
1175 3317 1273 3382 quidem
1289 3327 1405 3383 tempora,
1422 3334 1477 3383 quse
1492 3333 1560 3368 nnnc
1575 3319 1668 3370 interire

514 3385 553 3439 19,
569 3384 607 3442 17,
622 3384 716 3442 Gratia,
727 3384 888 3444 nudisjuncto
896 3378 1019 3439 mrum,
1029 3383 1073 3432 ubi
1102 3381 1222 3440 videmus,
1235 3383 1325 3432 exectis
1335 3381 1405 3432 certis
1415 3383 1542 3432 mensibus
1551 3383 1667 3446 redeunt,

512 3447 562 3497 vid.
573 3457 623 3497 not.
1104 3455 1130 3496 st
1141 3463 1193 3503 nos,
1206 3446 1249 3496 ubi
1260 3447 1333 3496 semel
1345 3445 1377 3495 sd
1385 3448 1477 3496 Orcum
1490 3447 1667 3507 descendimus,

545 3513 635 3561 7-12.
653 3511 1073 3571 lmmmtnlicnerperesfflonetdn·
1105 3512 1350 3576 nunqueminvitsm
1359 3510 1515 3561 restituimur.
1540 3511 1668 3564 simillime

512 3593 565 3636 mis,
581 3586 638 3626 cett.
649 3591 747 3625 sensus:
767 3574 827 3623 veris
833 3574 906 3638 igitur
914 3575 1012 3632 reditus,
1023 3575 1074 3626 sive
1106 3577 1199 3626 Catuli.
1217 3593 1241 3633 v,
1257 3579 1282 3634 5,
1301 3577 1361 3625 Soles
1375 3577 1477 3625 occidere
1491 3587 1515 3625 et
1530 3580 1610 3626 redire
1617 3595 1667 3640 pes·

513 3637 797 3696 novaannivicissuudo,
808 3647 831 3688 et
842 3639 991 3703 llors,quie,
1001 3655 1075 3704 quem
1105 3652 1176 3701 sunt3
1195 3640 1274 3698 Nolis,
1285 3657 1338 3689 cum
1352 3642 1418 3689 renel
1431 3643 1516 3690 occidit
1529 3643 1605 3691 heris
1620 3645 1667 3700 lus,

512 3705 567 3754 tulit
579 3707 637 3756 unni
649 3703 844 3759 vicissitudinem,
857 3703 958 3752 eandem
969 3703 1076 3754 celeriter
1108 3705 1158 3753 Nou
1176 3716 1210 3753 est
1225 3716 1336 3770 perpetus
1351 3723 1399 3753 uno
1417 3707 1564 3755 mmm.
1597 3707 1668 3756 hu

513 3771 596 3828 sufert,
614 3771 644 3820 de
662 3767 733 3819 celeri
753 3768 808 3816 vite
823 3783 902 3823 cursu,
919 3767 1028 3832 adeoque
1045 3768 1076 3818 de
1107 3779 1227 3832 emerent,
1240 3771 1302 3819 celer
1312 3768 1428 3818 mensium
1438 3769 1557 3819 decursus
1567 3771 1668 3822 restittit

512 3843 587 3884 morte
596 3845 638 3884 tue
649 3843 671 3884 te
679 3833 713 3883 its
721 3847 816 3882 monere
824 3831 923 3888 debent,
934 3841 962 3881 ut
972 3832 1076 3897 pruden·
1107 3835 1193 3882 domna
1204 3837 1312 3890 celestio,
1322 3833 1380 3882 anni
1389 3843 1505 3899 temporo,
1515 3852 1574 3900 que
1584 3852 1668 3886 secem

513 3907 548 3948 ter
569 3899 664 3956 fruaris,
685 3897 773 3964 quibus
796 3913 860 3946 nunc
883 3896 928 3945 tibi
945 3897 992 3945 lrui
1010 3897 1076 3948 licet.
1107 3896 1166 3947 dum
1177 3899 1281 3947 eidemin
1292 3898 1318 3946 in
1333 3900 1388 3948 celo
1401 3898 1671 3950 cumumdecesserent.

513 3963 657 4014 Immortalis
679 3981 707 4012 ne
728 3978 817 4025 speres:
835 3962 875 4012 Cl.
895 3961 996 4011 Mitscls.
1012 3961 1075 4012 inter
1109 3962 1157 4010 Ubi
1175 3965 1309 4021 decidimus,
1329 3964 1380 4019 Quo
1389 3972 1447 4012 cett.
1456 3963 1500 4012 ubi
1509 3967 1587 4015 semel
1597 3966 1668 4015 delati

513 4027 562 4076 alie
572 4043 625 4078 com
643 4027 791 4077 eratIscerti
799 4027 846 4093 Ep.
856 4026 963 4075 noemin
971 4025 1075 4077 Anthol.
1106 4041 1190 4076 sumus
1216 4043 1255 4086 eo,
1281 4043 1330 4093 quo
1351 4036 1409 4076 cett.
1449 4044 1474 4076 ro
1500 4030 1606 4093 vulgari,
1628 4032 1668 4079 nbi

515 4091 596 4142 Grec.
619 4045 648 4142 d.
668 4093 702 4147 iv,
720 4107 745 4157 p.
764 4092 822 4141 256.
856 4091 931 4147 Horo,
950 4091 1013 4147 Des,
1033 4092 1075 4141 cui
1107 4093 1181 4140 semel
1198 4092 1286 4142 mortui
1304 4107 1397 4141 sumus.
1431 4044 1491 4140 iius
1501 4093 1669 4151 Emere·

514 4157 571 4205 suni
583 4155 760 4206 vicissitudines
770 4155 906 4204 moderandi
1012 4156 1075 4206 dete
1109 4155 1193 4205 Tutior
1208 4167 1230 4205 et
1242 4158 1335 4205 Ancus:
1351 4156 1395 4205 ini.
1412 4157 1490 4223 Epist.
1506 4155 1524 4213 i,
1537 4160 1563 4216 6,
1576 4160 1619 4216 27,
1633 4159 1670 4208 ln

513 4229 578 4270 sunt.
618 4222 717 4287 Frigore
735 4224 856 4268 miteseruu
879 4220 925 4282 Zep
940 4223 999 4283 yris,
1020 4229 1077 4271 cett.
1109 4230 1185 4269 tamen
1199 4231 1279 4279 restet,
1296 4221 1375 4270 Numa
1384 4239 1428 4285 piso
1441 4223 1668 4273 dermitettlscss:

514 4294 617 4351 quotuor
628 4286 685 4335 enni
696 4284 874 4334 vicissitudines
890 4283 1000 4342 celeriter
1013 4285 1076 4334 invi·
1108 4285 1201 4335 scilieet
1213 4293 1242 4334 ut
1252 4285 1370 4344 ostendet,
1382 4287 1477 4334 nullum
1493 4289 1594 4337 omnino
1605 4305 1622 4338 s
1634 4289 1669 4338 fs·

514 4365 566 4400 cem
577 4367 603 4400 se
614 4350 752 4418 excipiunt3
769 4365 847 4398 onnus
856 4349 964 4399 celeriter
973 4349 1076 4399 cucum-
1109 4349 1152 4397 nli
1161 4350 1278 4400 moriendi
1289 4350 1431 4400 permittite
1439 4349 1543 4400 liberum
1553 4367 1616 4409 me,
1626 4367 1668 4402 no·

515 4415 601 4480 egitur,
625 4431 668 4482 pro
694 4413 770 4472 unni,
799 4413 855 4461 vitis
881 4422 967 4462 nostre
992 4429 1076 4464 cursus
1108 4414 1320 4479 minsquedsms
1336 4415 1371 4463 ud
1380 4416 1669 4468 Romenoscelebntissi-

514 4489 552 4530 est
564 4479 716 4540 celerrimus;
733 4476 870 4544 expendant
885 4477 974 4527 tirones
989 4479 1076 4530 verbo·
1107 4493 1148 4528 ms
1167 4479 1251 4545 ponit3
1268 4479 1303 4528 uti
1315 4431 1363 4528 dere
1374 4495 1428 4545 sup.
1436 4479 1454 4534 i,
1462 4481 1505 4537 28,
1515 4481 1540 4539 7,
1557 4485 1670 4547 Archytas

515 4559 566 4593 rum
578 4553 696 4594 ornatum.
713 4545 824 4600 Proiecit,
834 4541 919 4598 trudit,
930 4542 1011 4617 pellit;
1021 4561 1076 4607 pro·
1107 4542 1269 4594 inhonorem
1281 4545 1415 4601 Tantalum,
1429 4545 1564 4603 littorea,
1581 4549 1669 4606 Minoo,

515 4619 586 4658 terere
600 4613 698 4673 alipium
716 4609 736 4658 si
770 4607 876 4656 ilicenter
891 4605 979 4656 dicitur
994 4609 1075 4667 is,cui
1107 4616 1132 4657 et
1149 4609 1306 4672 Pythagoran
1323 4608 1415 4658 leudst.
1453 4609 1540 4658 Tullus
1554 4622 1577 4659 et
1595 4615 1669 4661 Arses

515 4673 599 4723 cedere
614 4671 866 4724 omnincaterdebet.
901 4671 1032 4721 interitura
1042 4675 1074 4722 si·
1106 4671 1322 4728 dicunturdioiter,
1335 4675 1670 4750 ntreges,quornmlelicit²t

513 4741 574 4810 mut,
586 4745 642 4788 cett.
653 4755 708 4803 que
718 4739 772 4804 ipss
782 4751 878 4802 quoque
888 4751 902 4786 e
914 4738 981 4786 terris
994 4737 1075 4788 stetim
1107 4737 1134 4785 in
1144 4736 1281 4786 divitiorum
1292 4738 1441 4803 possessione
1451 4739 1524 4788 simul
1534 4741 1594 4806 poni
1603 4740 1669 4791 solet
