3659 5892
494 501 565 568 ulo
925 493 1228 562 CARMINUM

714 655 782 730 Qui
798 653 923 740 primus
937 649 1021 716 alma
1036 650 1258 727 riuit'adorca,

719 756 822 822 Diuus
838 777 898 842 per
913 757 1013 820 urbes
1028 752 1113 819 Afer
1127 765 1165 816 ut
1179 751 1295 829 Italas,

760 860 831 926 Ceu
845 859 975 924 flamma
988 879 1050 942 per
1065 855 1181 933 taedas,
1197 855 1249 920 vel
1265 854 1380 918 Eurus

802 963 869 1027 Per
885 960 1013 1026 Siculas
1028 957 1187 1044 equitavit
1202 957 1319 1022 undae.

650 1061 693 1126 45
714 1063 873 1128 Posthac
892 1061 1049 1131 secundia
1063 1082 1169 1144 usque
1184 1059 1355 1124 laboribus

714 1164 865 1230 Romana
881 1165 990 1249 pubes
1005 1160 1120 1240 crevitj
1136 1162 1286 1246 etimpio

761 1268 902 1334 Vasteta
917 1266 1097 1332 Poenorum
1112 1263 1254 1328 tumultu

806 1369 896 1435 Fana
912 1368 1006 1433 Deos
1021 1367 1169 1432 habuere
1183 1377 1310 1431 rectos:

720 1470 881 1557 Dixitque
896 1472 1030 1536 tandem
1045 1469 1194 1555 perfidus
1209 1465 1397 1532 Hannibal:

655 1573 697 1635 50
719 1573 827 1654 Cervi,
842 1576 996 1660 luporum
1013 1573 1128 1658 praeda
1142 1572 1322 1657 rapacium,

507 1790 558 1849 equi
568 1789 654 1836 suboles
664 1806 746 1852 magno
755 1791 788 1838 sie
798 1793 893 1853 puluere
904 1793 1010 1854 gaudet.-
1027 1791 1067 1839 Sic
1098 1789 1206 1838 minebet
1224 1787 1353 1842 Romanis,
1364 1784 1487 1852 periculo)
1503 1785 1566 1832 olm
1581 1785 1661 1830 adm

507 1851 597 1900 uitulus
621 1853 684 1901 molli
710 1855 793 1914 prelia
811 1855 896 1920 fronte
921 1859 1005 1918 eupit:
1033 1855 1066 1903 cl.
1098 1857 1163 1909 risit,
1187 1854 1266 1919 (nimo
1286 1855 1389 1900 victorie
1417 1852 1470 1898 luae
1496 1849 1661 1910 exsplenduit.)

509 1915 609 1964 Mitscb.
643 1916 755 1966 Doctrina
771 1921 808 1966 sed
822 1922 868 1966 aim
883 1929 996 1982 promovet
1010 1923 1066 1967 insi·
1099 1933 1256 1983 eorumquae
1269 1917 1343 1965 liorno
1354 1918 1435 1964 delium
1447 1914 1587 1970 Neronibus,
1598 1913 1662 1960 testis

508 1988 564 2036 tom,
582 1980 624 2028 sed
641 1979 725 2030 inuitas
742 1983 815 2032 enimi
828 1983 888 2032 vires
899 1985 943 2046 (rb
956 1984 1068 2050 ἐγγενὲς)
1100 1982 1223 2031 laudatur.
1252 1983 1359 2030 Adoreo:
1372 1980 1440 2028 Pliu.
1451 1978 1520 2035 xviii,
1533 1981 1558 2032 3.
1566 1978 1662 2040 gloriar·

508 2042 574 2092 elicit
592 2053 617 2093 et
633 2060 741 2095 exercere
761 2045 831 2096 docet
851 2049 979 2097 institutio.
995 2049 1069 2098 Com·
1101 2067 1116 2095 o
1137 2046 1220 2112 scarb
1246 2048 1330 2095 bonore
1355 2047 1463 2092 odorem
1491 2041 1662 2109 appelltb²⁰²3

509 2107 577 2157 mode
590 2109 615 2156 in
630 2108 692 2157 hauc
704 2111 846 2160 seutentiam
863 2112 947 2162 laudat
965 2114 1069 2178 Boettig.
1102 2114 1187 2160 odores
1198 2109 1301 2166 scilicet,
1311 2112 1368 2158 odor
1379 2109 1469 2174 velfor
1478 2106 1588 2156 adoreum
1597 2105 1660 2163 (uos.

509 2171 562 2220 Cic.
580 2188 622 2237 pro
638 2174 714 2222 Arcu.
731 2176 800 2224 Poet.
818 2177 841 2233 7,
861 2179 936 2240 Atque
952 2180 1012 2226 idem
1028 2195 1070 2242 ego
1102 2176 1207 2235 Diaei)
1229 2183 1284 2239 post
1308 2184 1403 2239 partam
1423 2172 1550 2222 victoriam
1577 2169 1662 2234 premii

507 2239 985 2301 eeutmdmquamodneturnnseaiminm
1000 2252 1069 2305 utque
1101 2240 1155 2289 loco
1176 2239 1294 2288 militibus
1315 2237 1428 2290 distribui
1454 2237 1549 2286 solebat
1565 2246 1582 2296 5¹
1602 2235 1662 2284 unde

505 2301 621 2376 ¹illustrem
630 2307 747 2380 arraserit
755 2308 817 2353 ratio
826 2308 929 2369 quedam
938 2307 1068 2372 auriforme·
1100 2308 1185 2354 adoreo
1207 2321 1250 2369 pro
1273 2303 1328 2369 ipsa
1350 2302 1450 2374 victoria
1472 2301 1580 2366 ponitur.
1624 2300 1662 2358 Ur,

506 2368 1069 2494 {ttt‘fflteltl't‘cttssettt'tf.
1101 2367 1445 2499 bttantlftttlf
1459 2376 1664 2496 &ttulit

510 2509 571 2558 quos
582 2495 665 2544 laudat
675 2496 775 2546 Mitsch.
788 2499 887 2556 Quinct.
898 2498 961 2548 lust.
970 2500 1013 2548 Or.
1026 2500 1067 2556 xii,
1100 2498 1151 2554 xxi,
1170 2500 1195 2555 4,
1215 2497 1247 2546 ad
1270 2497 1418 2547 Hannibalis
1436 2495 1497 2544 vitia
1516 2497 1664 2544 islanorum

509 2559 534 2613 2,
547 2567 571 2607 et
582 2560 664 2624 Eurip.
677 2561 738 2610 llec.
750 2563 808 2612 600.
844 2563 974 2627 Utcunque,
990 2580 1068 2629 quau·
1100 2562 1154 2626 ejus
1163 2565 1326 2612 crudelitatem
1337 2561 1422 2611 refert:
1441 2560 1474 2609 cf.
1486 2577 1516 2610 sn
1536 2559 1585 2607 .ed
1596 2558 1630 2615 iii,
1639 2560 1662 2617 6,

509 2620 652 2688 docunque3
678 2641 750 2674 mores
769 2627 910 2693 defecerunt,
929 2629 972 2677 ubi
991 2629 1070 2679 insite
1101 2627 1144 2676 ³6.
1166 2627 1503 2692 Ceuflammupertodns.sc.
1536 2623 1662 2680 reresolet.

510 2687 589 2736 auimo
598 2689 660 2738 vires
672 2691 814 2753 (menate,
824 2692 941 2740 utstatim
954 2693 1070 2742 Horatius
1099 2691 1165 2756 quod
1176 2691 1208 2740 ad
1219 2701 1301 2740 notam
1312 2690 1442 2755 zeugmatis
1452 2690 1555 2751 figuram
1565 2705 1595 2738 ex
1603 2692 1663 2750 equi·

510 2751 559 2816 ipse
569 2753 697 2818 explicat)
707 2769 754 2803 non
765 2765 912 2814 exercentur,
921 2757 956 2805 ibi
962 2758 1069 2806 studium
1100 2759 1160 2805 tuoit
1170 2755 1317 2806 eliciendum
1328 2765 1372 2805 est.
1395 2755 1443 2802 Per
1452 2755 1547 2803 Siculas
1556 2755 1663 2815 quierit

511 2815 585 2864 enimi
606 2818 729 2868 excolendi
749 2820 826 2884 friget.
860 2821 998 2870 lodecorunt
1015 2826 1070 2872 bene
1101 2824 1186 2876 andos,
1202 2837 1244 2885 per
1259 2836 1325 2869 mare
1346 2820 1457 2870 Siculum
1478 2817 1664 2867 concitatissimo

510 2891 566 2928 noto
577 2885 658 2957 culpo,
669 2885 732 2931 bonu
740 2883 833 2934 indoles
846 2885 887 2949 (τὸ
898 2886 993 2952 eripede)
1005 2887 1071 2937 vitiis
1102 2884 1193 2950 impetu
1211 2884 1268 2934 ferri
1283 2885 1353 2934 solet.
1388 2884 1468 2958 Eurus
1484 2883 1537 2946 jam
1599 2885 1663 2955 itere,

510 2955 731 3067 cogpmptgurbuffl
746 3014 855 3071 debeos‚o
871 3013 952 3070 Roma,
968 3015 1070 3064 Neroni·
1102 2948 1539 3078 liOiiiihryeiiiivipdlldciliiiiiidiiiis
1545 2948 1665 3075 imam:

511 3075 560 3129 hus,
574 3074 645 3124 Testis
656 3076 789 3125 liletnurum
797 3078 897 3190 pumen,
910 3087 968 3128 cett.
1001 3081 1069 3138 Quo·
1101 3077 1278 3144 designandum
1297 3078 1396 3128 dicitur.
1428 3077 1523 3126 Eadem
1537 3075 1577 3125 'de
1596 3091 1665 3126 causa

511 3138 582 3188 modo
597 3139 784 3197 salusvesua,o
822 3142 910 3199 omani,
923 3143 949 3190 iu
964 3143 1070 3207 antique
1102 3143 1226 3209 Zephyrus
1240 3141 1307 3210 apud
1324 3141 1536 3196 Catullinum
1553 3141 1665 3189 Chloridis

512 3203 635 3252 Neronum
657 3205 735 3269 gentis
756 3205 842 3256 virtute
867 3208 971 3320 replosita
992 3207 1071 3266 luerit,
1102 3209 1151 3256 ales
1172 3225 1243 3270 quus
1264 3215 1372 3264 vocatur,
1393 3206 1435 3256 ubi
1452 3206 1509 3256 ride
1529 3213 1582 3254 not.
1614 3206 1664 3254 Nec

511 3266 657 3318 nobilissima
673 3270 716 3318 illa
730 3285 879 3336 pagumque
916 3271 1072 3321 asdrubalad
1103 3272 1152 3320 alio
1172 3271 1274 3321 consilio
1293 3273 1358 3320 Euro
1378 3275 1430 3336 eqni
1451 3271 1495 3320 Eoi
1513 3270 1581 3336 apud
1599 3270 1665 3333 virg.

511 3331 600 3380 flumen
616 3335 753 3384 Metaurum
771 3350 785 3382 a
803 3335 833 3384 C.
850 3335 955 3386 Claudio
974 3337 1071 3386 Nerone
1105 3338 1166 3385 AEn.
1185 3335 1211 3394 ii,
1234 3338 1292 3394 417,
1311 3345 1338 3386 et
1354 3335 1474 3400 Aquiloni
1491 3339 1546 3398 eqni
1571 3334 1664 3384 trram

509 3395 617 3446 devictus
631 3407 675 3456 est,
686 3406 801 3457 testatur;
818 3400 912 3465 acujus
927 3410 1023 3459 eventu,
1035 3402 1070 3450 uti
1103 3400 1169 3466 apud
1181 3401 1239 3450 an.
1252 3401 1335 3451 llaec.
1347 3401 1365 3459 i,
1376 3402 1435 3458 610,
1446 3400 1595 3449 tribuuntur.
1612 3399 1665 3452 llus

509 3461 595 3518 omnis,
616 3479 671 3528 qun
690 3463 809 3512 Romanis
827 3463 940 3530 deinceps
959 3465 1068 3529 contigit,
1102 3464 1206 3520 aceedit,
1218 3465 1283 3531 quod
1293 3464 1411 3516 irretitur
1420 3465 1486 3530 apud
1498 3465 1601 3515 Graecos
1613 3479 1664 3529 pes·

509 3525 848 3602 ”canduitaomuisquam
858 3529 1069 3595 Poenipoatillam
1102 3528 1147 3579 sim
1166 3531 1197 3579 de
1212 3530 1390 3606 omnibus,qui
1405 3529 1584 3580 concitatiore'
1603 3539 1666 3644 git:

501 3593 1071 3731 'illailla{l'il‘pillllssilliillf
1101 3595 1312 3709 ‘etum
1325 3594 1494 3726 isstmlsst‘l,
1508 3593 1538 3716 l·
1551 3593 1593 3716 4¹6,

509 3728 567 3778 um,
599 3736 655 3770 uum
672 3723 702 3772 C.
715 3722 832 3772 Claudius
848 3724 922 3778 Nero,
938 3724 1071 3779 comalio
1102 3723 1229 3789 dequoris
1242 3723 1286 3790 qui
1301 3723 1585 3777 eelericmsuaulertur.
1627 3737 1664 3770 am

508 3737 677 3860 belloluuico
692 3787 806 3842 secundo.
820 3787 853 3834 Α.
866 3788 1068 3844 U.nxur1,inli-
1101 3803 1158 3837 vero
1185 3804 1241 3838 cum
1268 3788 1332 3855 apud
1365 3789 1466 3838 Graeeos
1493 3787 1664 3843 καθιππεύειν,

508 3865 605 3898 cissimo
625 3859 712 3900 eventu
740 3866 814 3900 ausus
841 3860 886 3907 est,
909 3860 991 3902 namt
1015 3852 1070 3902 Lis.
1102 3853 1304 3911 καθιππάζεσθαι
1330 3855 1427 3919 χάριν.
1454 3852 1485 3901 de
1511 3868 1542 3902 eo
1573 3868 1665 3917 quoqoe

509 3914 581 3970 xxvii,
600 3916 632 3962 43
650 3931 706 3982 sqq.
739 3916 810 3964 Clam
829 3932 914 3992 nempe
931 3916 1025 3973 castus,
1041 3917 1068 3968 iu
1099 3918 1168 3968 hoste
1189 3917 1237 3967 dici
1259 3919 1336 3968 soleat
1358 3918 1436 3980 (uide,
1461 3933 1535 3982 quom
1561 3917 1664 3980 Bnettig.

508 3980 597 4042 quibus
606 3978 657 4036 ille,
668 3979 799 4029 Hannibali
809 3991 942 4046 oppositus,
952 3997 978 4030 se
989 3981 1068 4032 adbuc
1100 3982 1193 4038 laudat.
1208 3983 1354 4047 wesseling.
1373 3982 1404 4031 ad
1423 3981 1526 4032 Diodor.
1544 3982 1596 4030 Sic.
1607 3982 1664 4037 ui,

507 4051 629 4118 tenuerat,⁴
640 4059 695 4094 cum
712 4045 805 4094 delecta
816 4061 887 4094 mauu
905 4045 1002 4118 relictis,
1013 4062 1068 4095 cum
1101 4064 1126 4112 p.
1137 4048 1200 4110 631)
1217 4047 1259 4122 qui
1276 4047 1355 4097 feroce
1368 4048 1460 4112 impetu
1511 4044 1665 4111 palabundas

506 4110 646 4159 eLucema
664 4111 689 4158 in
702 4109 827 4160 Umbriam
842 4111 914 4160 celem
931 4110 1068 4160 itinerede-
1100 4121 1186 4162 terram
1198 4112 1306 4177 aliquam
1316 4121 1466 4178 pervagatur.
1475 4063 1549 4162 liucile
1592 4119 1664 4175 pam,

507 4173 571 4223 latus
588 4184 658 4229 esset,
681 4183 748 4223 taum
763 4174 857 4223 fortuna
875 4175 908 4224 ibi
929 4173 961 4224 ad
979 4175 1068 4226 flumen
1100 4192 1174 4240 quam
1184 4185 1238 4243 apte
1249 4181 1353 4240 moitura
1365 4176 1498 4226 Hannibali
1510 4175 1575 4225 simu
1586 4213 1594 4231 ,
1605 4175 1663 4224 iero·

506 4239 642 4288 lilernurum
659 4240 748 4303 (nuuc,
770 4239 868 4295 Maturo,
895 4239 942 4295 vel,
966 4239 1067 4300 Mamm)
1100 4240 1382 4307 citerperltalasurbas
1397 4241 1486 4296 ruenti,
1498 4240 1663 4289 accommoda·

505 4303 602 4354 adortus
621 4311 659 4353 est
676 4303 814 4360 exercitum,
834 4319 905 4369 quem
927 4303 1067 4354 Hasdrubal
1100 4313 1150 4354 tum
1169 4307 1215 4366 sit;
1231 4306 1302 4356 etsie
1317 4305 1362 4354 iul.
1376 4306 1455 4372 Epod.
1474 4307 1515 4361 16,
1529 4307 1569 4361 12.
1585 4306 1663 4359 etl'l,

505 4369 569 4418 fratri
580 4385 624 4419 suo
636 4368 767 4418 Hannibali
780 4368 868 4418 aumlio
879 4368 996 4418 ducturus
1006 4379 1066 4429 erat,
1101 4371 1142 4428 74,
1175 4371 1204 4428 is,
1234 4370 1276 4436 qui
1302 4369 1445 4420 insolentius
1470 4370 1534 4419 hosti
1556 4370 1663 4425 insultat,

504 4443 531 4484 ut
546 4435 669 4486 occidione
685 4451 741 4483 eum
757 4450 812 4482 cum
831 4433 905 4508 ipsius
924 4433 987 4482 duce
1000 4435 1065 4483 oeci·
1095 4439 1180 4498 equitis
1201 4435 1306 4500 imagine
1330 4435 1495 4484 adumbratur.
1540 4435 1595 4482 Post
1616 4436 1662 4488 loc.

504 4499 585 4560 deret;
597 4517 652 4566 qun
661 4499 758 4565 quidem
767 4497 865 4547 victoria
873 4498 1067 4564 splendidissima
1097 4501 1139 4549 lui
1156 4505 1239 4556 reiro.
1256 4510 1310 4566 post
1326 4500 1390 4549 banc
1408 4499 1508 4550 Claudii
1525 4499 1663 4556 victoriam

503 4581 560 4615 curu
571 4562 926 4616 solusuturarumvictoriarum
945 4563 1063 4612 Romanis
1095 4568 1201 4614 amandis
1218 4567 1343 4621 morum,
1359 4565 1524 4630 significanter
1541 4563 1573 4613 de
1590 4564 1664 4614 victo·

503 4645 577 4681 causa
593 4631 770 4686 extitisset-ille
780 4630 877 4690 pulcher
890 4631 947 4683 dies,
958 4630 999 4691 qui
1011 4632 1063 4690 pri·
1097 4629 1147 4686 riis,
1157 4629 1183 4678 in
1196 4645 1307 4696 prospero
1324 4630 1443 4685 laborum,
1456 4645 1520 4695 quos
1535 4627 1626 4683 milites
1640 4627 1664 4676 in

503 4712 553 4745 nus
560 4697 658 4763 sagaris
674 4697 771 4745 tendas
787 4693 924 4758 (propulso,
937 4691 1004 4758 quod
1018 4692 1064 4743 im·
1096 4695 1163 4744 bello
1174 4693 1302 4753 sustinent,
1314 4710 1428 4748 successu
1436 4695 1524 4760 posius
1532 4711 1540 4754 ;
1552 4695 1664 4746 umus.
