3659 5892
434 530 715 598 EPISTOLA
742 531 817 597 AD
846 530 1094 602 PISONES.
1276 533 1338 597 557

183 690 256 755 295
318 686 490 773 Ingenium
503 686 622 751 misero
635 686 712 771 quie
727 685 923 759 fortunatius
939 696 1008 751 orte

192 814 201 828 ·
277 789 403 866 Credit,
419 798 453 853 et
468 787 615 853 excludit
629 810 726 851 sanos
740 786 901 853 Helicone
914 798 1030 871 poetas

279 890 500 966 Democritus,
515 890 602 953 boue
616 910 692 973 pers
706 910 772 953 non
786 910 913 972 ungues
928 909 1048 973 ponere
1063 898 1168 963 curet,

274 992 356 1057 Non
369 994 523 1070 barbnm3
556 1002 682 1055 secreta
694 990 777 1074 petit
791 989 873 1066 loca,
888 988 1006 1053 balnea
1019 989 1110 1053 vitat.

274 1094 494 1159 Nauciscetur
509 1094 594 1157 enim
607 1094 748 1177 pretium
762 1112 944 1174 nomenque
959 1100 1078 1174 poetae,

191 1198 257 1261 300
278 1196 315 1260 Si
330 1198 435 1261 tribus
450 1194 617 1279 Anticyris
632 1203 732 1277 caput
746 1192 925 1257 insanabile
940 1214 1103 1278 nunquam

276 1297 419 1363 Tonsori
434 1296 551 1361 Licino
566 1295 770 1360 commiserit.
816 1294 849 1357 0
864 1316 927 1379 ego
942 1293 1053 1371 laevus,

278 1399 348 1472 Qui
360 1419 485 1483 purgor
499 1397 597 1461 bilem
611 1397 672 1461 sub
686 1396 776 1460 verni
792 1396 947 1480 temporis
962 1395 1091 1459 horem!

275 1500 357 1565 Non
370 1500 453 1564 nlius
469 1498 596 1563 luceret
610 1497 744 1563 meliora
758 1507 926 1582 poemata:
951 1518 1063 1561 verum

275 1601 336 1667 Nil
350 1604 432 1666 tanti
447 1611 516 1678 est;
538 1617 618 1685 ergo
632 1599 751 1684 fungor
765 1600 835 1665 rice
849 1601 944 1677 cotis,
961 1610 1091 1665 scutum

190 1704 257 1768 305
279 1704 436 1769 Reddere
451 1726 525 1789 quoe
539 1701 660 1767 ferrum
674 1701 770 1778 velet,
786 1723 901 1766 exsors
914 1704 988 1787 ipss
1004 1703 1151 1767 secundi:

279 1804 403 1870 Munus
418 1815 453 1869 et
467 1802 619 1880 officium,
634 1803 679 1867 nil
695 1804 841 1868 scribens
855 1803 938 1887 ipse,
955 1803 1100 1882 docebo;

276 1907 376 1972 Unde
390 1915 548 1991 parentur
562 1926 660 1988 opes,
683 1904 763 1989 quid
777 1904 844 1968 alat
858 1903 1039 1989 formetque
1055 1916 1201 1991 poetsm;

278 2009 368 2082 Quid
385 2007 511 2082 deceat,
526 2006 606 2092 quid
621 2028 705 2086 non;
728 2028 794 2090 quo
809 2008 922 2085 virtus,
938 2030 1005 2091 quo
1019 2008 1103 2073 seret
1117 2029 1218 2073 error.

318 2108 490 2177 Scribendi
505 2118 595 2173 recte
610 2132 725 2193 sapere
738 2120 790 2174 est
803 2119 838 2174 et
852 2109 1049 2193 principium
1064 2119 1098 2175 et
1113 2109 1202 2175 fons:

188 2215 255 2278 310
276 2213 362 2277 Rem
376 2213 436 2275 tibi
451 2212 627 2276 Socratlcoe
640 2220 795 2296 poterunt
810 2211 982 2275 ostendere
998 2212 1139 2289 chertae3

275 2315 454 2398 Verbaque
469 2314 632 2399 provisam
646 2334 715 2378 rem
729 2334 794 2377 non
809 2313 910 2377 invito
926 2325 1114 2397 sequentur.

187 2463 252 2512 enirn
259 2472 391 2538 prosector
398 2466 436 2515 rel
447 2464 560 2531 precisus
569 2463 665 2512 mollius
676 2462 750 2511 sentit
779 2463 840 2512 hunc
862 2478 912 2513 rem
933 2463 985 2527 jem
1007 2463 1140 2511 Lambinus
1160 2463 1242 2513 sttulit
1262 2465 1341 2515 locum

188 2536 338 2592 asperitatem
353 2528 475 2594 aliquem
491 2530 570 2593 imago
583 2528 698 2575 translate
712 2535 750 2575 est
780 2526 904 2577 Ciceronis
920 2528 980 2577 Diu.
993 2527 1010 2585 i,
1022 2528 1063 2583 37,
1076 2528 1154 2590 Neget
1163 2531 1232 2587 enim,
1241 2530 1341 2595 simsu-

188 2606 205 2639 a
220 2592 350 2649 statuariis,
367 2595 411 2659 qui
429 2608 490 2661 opus
513 2592 579 2657 quod
596 2592 710 2656 inrigant
725 2600 751 2640 et
781 2608 842 2648 rore,
854 2594 1001 2641 Democritus
1019 2608 1154 2655 quemquam
1169 2609 1279 2655 magnum
1288 2610 1340 2655 poe-

188 2657 322 2721 expoliunt,
334 2672 364 2707 ne
375 2657 434 2723 qnid
448 2656 582 2724 reperiretis
593 2656 619 2705 in
633 2669 749 2705 eorema·
781 2664 828 2703 tom
848 2672 893 2705 esse
912 2673 981 2717 imre.
1024 2656 1092 2705 Idam
1111 2655 1141 2704 de
1162 2658 1232 2705 Orat.
1251 2656 1278 2712 ii,
1299 2662 1340 2717 46,

188 2730 254 2777 nest,
272 2722 394 2785 unguibus
404 2731 553 2787 percurrunt,
568 2728 715 2796 pertentent,
726 2729 751 2768 et
781 2719 843 2780 Seps
852 2723 914 2769 enim
931 2723 1020 2778 audiui,
1031 2730 1122 2797 ¹posteros
1138 2723 1222 2798 tonum
1231 2724 1341 2772 mmiuem

187 2784 751 2917 iiiiffll'r‘i‘sliitfflf'itssdiimfii
780 2785 894 2897 {titt
904 2784 1151 2908 0399111201
1153 2795 1341 2915 ‘iiiiii-⁹032

187 2912 260 2962 tidem
298 2913 386 2963 lurinrn
409 2914 488 2965 Codd.
506 2913 632 2970 revocarit,
652 2920 677 2961 et
695 2926 749 2961 enm
780 2916 909 2961 eremorum
927 2916 1031 2962 endum
1047 2929 1117 2975 posse,
1134 2923 1157 2961 et
1177 2918 1225 2963 sine
1244 2918 1341 2977 quodem

188 2987 273 3026 contra
321 2979 422 3027 ntleinm
431 2975 674 3027 moresuodelendit.
780 2975 864 3039 afflata
885 2980 951 3040 qumi
966 2978 1075 3041 sineris:
1092 2976 1123 3025 ci.
1146 2978 1247 3027 Aristot.
1270 2981 1340 3031 Poet.

221 3043 393 3091 teo-tow
471 3052 522 3092 tum
531 3042 660 3091 Decimum
669 3040 747 3107 Septi·
780 3054 803 3088 ο.
823 3042 862 3089 16.
895 3042 1018 3089 Helieone:
1040 3042 1073 3090 ol.
1093 3056 1149 3107 sup.
1170 3042 1249 3108 Epist.
1270 3044 1295 3101 ii,
1317 3048 1339 3103 l,

187 3120 269 3153 muns:
297 3107 418 3164 Horatius,
464 3108 592 3157 ienissimm
618 3108 647 3153 oi
673 3122 750 3153 eorum
782 3106 841 3153 218.

187 3172 301 3227 multitia,
317 3173 357 3234 qui
373 3174 449 3233 poesin
467 3188 512 3220 non
525 3180 577 3219 orto
597 3180 618 3218 et
633 3172 748 3225 wtina,
812 3170 871 3218 298.
881 3166 980 3226 Bsiueo,
990 3168 1033 3217 nbi
1042 3169 1153 3233 frequens
1160 3178 1211 3219 eret
1218 3168 1340 3223 hominum

187 3236 384 3298 udmtoingenio
392 3235 747 3300 etfurorepmtienmetiontur,
780 3241 921 3281 conventus.
971 3235 1069 3282 Poterat
1100 3233 1213 3283 Horatius
1246 3235 1340 3295 addere,

188 3300 278 3347 mauult
305 3302 392 3354 dome,
414 3302 496 3362 quibus
515 3302 629 3362 presidiis
642 3298 748 3364 futurus
777 3304 795 3326 ‘⁴
807 3296 890 3345 riuum
906 3296 967 3345 bibit
978 3297 1003 3355 ;''
1020 3314 1073 3373 sup.
1092 3297 1156 3347 enim
1178 3298 1255 3363 Epist.
1268 3300 1285 3357 i,
1300 3305 1339 3359 19,

186 3372 254 3423 poeto
270 3366 400 3412 instructus
414 3367 445 3412 od
458 3366 534 3425 poesin
544 3365 747 3418 remantem,
776 3362 794 3408 2
812 3376 867 3427 sqq.
883 3376 945 3418 esse,
961 3362 1004 3417 eit,
1015 3378 1066 3425 qur,
1084 3362 1154 3411 modo
1170 3362 1271 3427 largiore
1290 3366 1340 3415 vini

188 3430 619 3488 quominunireenminssnientitus.
642 3427 748 3475 Breviter
779 3425 866 3475 hnustn
887 3426 1042 3492 conceperint
1063 3426 1172 3481 furorem
1194 3443 1219 3476 se
1240 3430 1341 3494 pulchre

188 3492 266 3553 igitm
282 3493 334 3555 ogit
350 3495 379 3541 de
395 3494 522 3541 uirtutibus
542 3509 592 3554 qne
612 3494 641 3540 ot
657 3508 689 3547 eo,
707 3493 748 3553 qui
779 3498 855 3555 poete
866 3490 1274 3569 peneresplereposseopinentur.

186 3565 256 3616 posto
270 3558 359 3604 orossius
372 3573 396 3605 ss
408 3558 506 3621 dignum
519 3559 615 3605 reddere
626 3557 687 3611 ursit,
699 3556 746 3603 sni·
811 3556 869 3610 299,
880 3556 938 3603 300.
956 3556 1109 3604 Noncisertur
1124 3574 1193 3611 euim,
1203 3565 1259 3605 cett,
1292 3558 1338 3608 sci-

187 3629 291 3684 gmstur.
779 3618 844 3675 licet,
853 3618 982 3669 dnmmodo
992 3620 1090 3669 bubum
1102 3620 1191 3685 aliquis
1199 3621 1339 3685 promiserit,

220 3684 360 3733 ree-29⁰.
373 3682 497 3747 ingenium
507 3686 662 3739 micerncatt.
684 3681 749 3741 Quia
779 3692 804 3732 et
823 3683 913 3747 justam
937 3683 1033 3732 leudem
1054 3686 1186 3746 (pretium)
1208 3694 1232 3733 et
1253 3701 1339 3737 nomen

188 3746 352 3802 Democritus,
370 3746 425 3811 plus
444 3747 540 3811 ingenio
560 3762 633 3813 quam
655 3747 747 3796 miseras
779 3756 854 3812 poete
866 3745 983 3812 sccipiet;
1000 3746 1197 3813 particuleenim,
1209 3753 1337 3811 utscilicet,

188 3812 235 3859 arti
244 3811 397 3861 tribne'ndurn
407 3826 460 3860 esse
469 3826 578 3869 censens,
590 3826 633 3861 eos
646 3813 688 3877 qui
699 3826 748 3859 non
779 3812 893 3868 uidelicet,
904 3814 1024 3869 nimirum,
1036 3814 1112 3870 eredo,
1128 3812 1210 3861 ironiis
1226 3812 1338 3872 inservit:

187 3874 313 3924 insaniunt
329 3892 344 3924 e
362 3875 534 3925 consuetudine
546 3891 603 3924 curn
614 3875 694 3924 Musis
706 3890 747 3923 co·
779 3876 901 3939 vulgarem
911 3876 1064 3933 locutionem,
1081 3876 1179 3925 barbam
1196 3878 1339 3943 promittere,

187 3948 260 3995 ercet,
269 3942 333 3989 bonu
344 3955 398 4004 pars
409 3952 529 4005 poetnmm
540 3950 638 3989 externo
645 3939 749 4004 corporis
779 3939 874 4002 egregie
889 3949 914 3988 et
933 3939 1009 3989 multo
1029 3940 1140 4007 adsperso
1156 3942 1207 3991 sale
1226 3944 1341 3996 Horatius

187 4002 257 4051 cultu
274 4012 299 4053 et
315 4004 420 4052 moribus
437 4003 558 4052 hominurn
576 4004 657 4053 oculos
674 4004 704 4052 sd
721 4019 748 4053 se
780 4003 924 4069 amplificam
941 4005 1052 4054 insanum
1068 4015 1161 4070 poetam
1172 4016 1243 4056 vocnt
1259 4022 1337 4071 copus,

188 4066 414 4127 adverterentudet3
431 4084 480 4117 non
490 4068 746 4131 ungnesdesecandos,
779 4068 820 4117 eni
837 4070 945 4119 sanando
956 4071 993 4117 vix
1013 4069 1157 4119 helleborum
1169 4072 1207 4121 vel
1223 4072 1247 4121 in
1265 4074 1340 4124 tribus

188 4132 346 4181 nonbarbsrn
357 4131 522 4181 demetendam
531 4140 612 4192 curat3
629 4132 747 4197 recipitse
778 4132 874 4189 insulis,
893 4133 915 4181 si
937 4142 984 4183 tres
1005 4143 1092 4189 essent,
1113 4136 1235 4200 Anticyris
1257 4147 1338 4187 neturn

188 4194 215 4243 in
230 4196 284 4245 loce
300 4196 352 4245 sola
361 4205 386 4245 et
397 4204 496 4252 secreta,
507 4206 531 4245 et
543 4197 598 4246 loca
614 4197 748 4261 frequentis
779 4200 905 4255 sufficoret,
915 4198 957 4263 qui
968 4207 1103 4263 caputvero
1113 4216 1235 4275 uunquam
1248 4202 1338 4253 tonderi

187 4258 258 4323 fugin
290 4262 343 4318 Ars,
366 4261 416 4309 sire
437 4260 553 4317 doctrino,
573 4262 643 4325 qussi
665 4276 747 4326 perum
779 4263 868 4336 petitur
893 4262 949 4327 (qui
976 4264 1072 4311 bubum
1100 4265 1238 4329 promittit),
1263 4266 1339 4317 lucete

186 4322 255 4399 juret
271 4333 354 4389 poetas
371 4324 418 4374 nisi
434 4328 554 4389 ingenium
570 4326 749 4381 accedentem
778 4327 841 4377 illud
857 4344 976 4390 nunquam
987 4331 1071 4377 tmuori
1084 4332 1221 4378 committere
1236 4328 1337 4381 dicitur:

188 4387 219 4436 sis
240 4388 358 4455 precipue
376 4390 419 4455 qui
439 4390 510 4440 unice
534 4391 626 4455 jactare
648 4399 749 4456 possum
778 4391 855 4440 obiter
864 4392 936 4440 simul
949 4406 1044 4457 carpere
1057 4392 1337 4445 Homtiusvideturton·

187 4452 320 4516 ingenium,
332 4455 468 4505 contemtim
484 4458 566 4505 misera
583 4458 649 4519 (nos,
661 4472 745 4505 onnu-
777 4471 853 4504 sorem
871 4454 992 4520 quendam
1010 4456 1131 4513 Licinum,
1149 4456 1199 4523 qui,
1215 4466 1243 4506 ut
1261 4468 1340 4509 narret

189 4518 746 4586 113111ὴί1111,υῆ1εηιιψ.8αῑ.11,0,10,
781 4523 839 4571 Vnt.
859 4520 940 4569 Schol.
958 4522 1044 4585 Cruq„
1073 4524 1132 4585 quod
1158 4525 1240 4571 odom
1271 4524 1338 4573 Pom-

188 4584 276 4631 dioitioe
293 4582 396 4631 hominis
409 4584 474 4632 arari
490 4588 585 4635 misere.
617 4586 749 4639 Sotionem
778 4587 864 4648 prium,
885 4603 900 4632 o
920 4586 1007 4633 Ccsnre
1023 4596 1114 4635 senator·
1131 4586 1214 4651 fuctus
1241 4590 1338 4639 dieitur.

189 4645 281 4694 scilicet
303 4647 346 4711 qui
362 4664 411 4696 non
426 4648 574 4698 concitantur
578 4650 675 4715 furore,
689 4648 714 4697 h.
724 4664 749 4699 s.
781 4648 858 4699 Affers
876 4649 939 4698 idem
956 4649 1037 4698 Schol.
1055 4650 1240 4715 inscriptionem,
1259 4654 1339 4703 Licini

189 4709 275 4773 spirito
292 4711 426 4775 etingenio
442 4712 544 4777 poetico.
576 4711 708 4763 Commode
721 4714 748 4761 in
780 4713 907 4779 sepulchro
924 4714 1108 4779 supersddirarn,
1121 4714 1193 4773 hanc,
1211 4717 1340 4767 Marmorea
