3659 5892
613 551 778 616 LIBER
801 551 863 628 ΙΙΙ,
887 551 942 614 24.

417 701 556 776 Quidvis
571 713 605 768 et
621 701 729 769 lacere
744 715 778 768 et
792 705 872 789 pati,

457 804 665 890 Virtutisque
680 807 763 870 viam
779 807 900 872 deserit
915 806 1052 870 arduae?

351 905 392 969 45
413 905 476 970 Vel
491 928 551 970 nos
566 907 600 970 in
615 907 823 993 Capitolium,

454 1010 533 1084 Quo
547 1010 668 1075 clamor
681 1021 776 1076 vocat
789 1022 823 1077 et
837 1012 936 1076 turba
950 1010 1137 1088 faventium,

413 1113 475 1178 Vel
490 1137 550 1178 nos
563 1114 597 1176 in
611 1136 699 1178 mare
714 1113 897 1199 proximum

453 1214 620 1292 Gemmas,
636 1227 670 1280 et
684 1215 822 1301 lapides,
838 1239 953 1281 aurum
968 1227 1001 1280 et
1016 1216 1140 1294 inutile,

410 1316 532 1382 Summi
548 1319 714 1384 materiem
730 1317 815 1396 muli,

345 1419 388 1482 50
450 1418 634 1497 Mittamus,
652 1419 809 1485 scelerum
825 1421 951 1486 sibene
967 1422 1116 1507 poenitet.

410 1522 588 1587 Eradenda
603 1522 766 1607 cupidinis

452 1625 548 1688 Pravi
564 1637 640 1689 sunt
655 1625 812 1690 elementa
826 1653 833 1704 3
857 1637 891 1690 et
905 1639 1027 1692 tenerae
1041 1625 1136 1690 nimis

408 1725 538 1790 Montes
553 1728 774 1811 asperioribus

446 1829 639 1894 Formandae
655 1829 782 1894 studiis.
828 1831 947 1895 Nescit
961 1853 1047 1914 equo
1062 1830 1153 1893 rudis

339 1931 383 1994 55
404 1929 540 1994 Haerere
555 1933 716 2016 ingenuus
732 1954 825 2017 puer,

445 2031 634 2118 Venerique
649 2035 751 2113 timet,
768 2034 881 2100 ludere
897 2035 1035 2112 doctior,

402 2135 469 2198 Seu
484 2134 605 2202 Graeco
614 2136 734 2220 jubeas
750 2137 875 2215 trocho,

445 2237 513 2304 Seu
527 2238 618 2303 malis
634 2240 734 2304 vetita
748 2239 876 2325 legibus
891 2241 978 2305 ales:

400 2340 511 2414 Quum
526 2343 659 2426 perjure
673 2343 776 2426 putris
791 2342 874 2406 fides

333 2443 377 2508 60
442 2442 634 2508 Consortem
650 2445 772 2509 socium
788 2443 877 2509 sallat
891 2457 925 2508 et
940 2444 1113 2531 hospitem,

178 2610 312 2675 possident,
323 2611 475 2662 veliementer
486 2627 501 2660 u
511 2611 625 2660 divitibus
638 2610 741 2676 despici·
773 2611 918 2728 puppim·
940 2613 961 2662 ti
979 2611 1027 2678 γάρ
1041 2631 1083 2677 μοι
1102 2615 1202 2670 πείθοιο,
1221 2614 1333 2676 utiliora

179 2684 261 2732 untur,
271 2676 376 2725 etsicud
385 2676 477 2741 queris
484 2677 563 2751 turpia
573 2685 622 2724 tem
632 2675 742 2726 iacienda
787 2681 834 2728 λον
854 2678 888 2736 εἰς
905 2679 954 2738 τὴν
970 2676 1102 2727 θάλατταν
1116 2679 1195 2743 φέρων
1208 2679 1334 2744 ἐμβολάς.

178 2753 249 2850 poam
260 2741 376 2806 potienda
386 2739 467 2790 adecti
478 2757 493 2788 a
504 2741 597 2789 virtutis
607 2740 686 2790 studio
697 2740 739 2790 de·
773 2743 881 2805 Lapides,
899 2741 1017 2792 uniones:
1035 2741 1068 2790 cl.
1079 2742 1109 2790 ed
1123 2743 1217 2792 Catuli.
1234 2746 1294 2802 lxix,
1307 2749 1331 2794 t,

195 2809 318 2855 ucunturl
353 2806 413 2856 Com
432 2805 613 2855 aruntLucian.
626 2821 739 2871 promer·
774 2807 862 2856 illrum
883 2811 951 2856 trimis
977 2818 1066 2864 teum,
1089 2823 1144 2873 quta
1170 2825 1235 2858 nunc
1260 2810 1331 2860 nimis

177 2868 229 2917 ted.
249 2870 331 2920 Cond.
346 2888 370 2936 p.
386 2822 443 2926 uli,
460 2872 537 2921 Πενία
555 2869 642 2920 πάντα
658 2872 741 2920 ποιεῖν
773 2871 840 2921 molli
851 2881 876 2920 et
885 2871 1023 2920 effeminata
1032 2873 1122 2922 ratione
1133 2882 1272 2922 tractantur.

176 2935 217 2981 aul
226 2933 341 3000 πάσχειν
350 2935 531 2990 ἀναπείθουσα,
542 2935 575 2993 ὣς
590 2934 689 3001 ἐκφύγοι
703 2953 741 2995 τις
805 2939 911 2986 54-58.
930 2937 1006 2985 Nescit
1017 2953 1073 3000 equo
1079 2940 1145 2985 rudis
1154 2939 1246 2995 lurere,
1255 2949 1312 2988 cett.
1322 2960 1327 2987 :

174 2997 265 3060 αὐτὴν.
300 3003 397 3056 Arme,
408 3000 433 3048 in
444 3015 498 3050 arce
510 3015 594 3065 nempe
605 3000 738 3048 secundum
770 3016 828 3068 puer
849 3001 984 3059 Ιιοιιιοιιιιο,
1007 3017 1049 3067 pro
1070 3000 1178 3050 molliore
1195 3019 1243 3078 qua
1263 3020 1328 3054 nunc

177 3061 308 3113 Hesiodum
321 3065 396 3131 Ἐργ.
414 3066 462 3113 287
482 3081 536 3130 sqq.
555 3064 687 3122 collocate,
708 3065 739 3113 ed
770 3064 883 3115 educetur
892 3067 991 3122 ratione,
1003 3065 1127 3131 equitandi
1136 3067 1194 3115 art'u
1206 3071 1328 3133 imperitus

176 3143 247 3192 quam
258 3129 315 3194 ejus
325 3131 406 3178 cultor
415 3129 474 3178 eniti
484 3129 563 3179 debet.
771 3138 816 3178 est.
854 3131 996 3179 Pertinebet
1018 3140 1099 3179 autem
1123 3131 1154 3179 ad
1175 3131 1326 3197 disciplinam

207 3195 315 3244 tt—st.
328 3193 423 3252 Quodsi
433 3193 505 3258 igitur
514 3193 544 3242 ed
556 3192 646 3257 frugem
657 3202 680 3243 et
691 3210 735 3245 au·
768 3195 903 3243 Romanam
922 3212 960 3244 ars
978 3195 1102 3260 equitandi
1120 3203 1144 3244 et
1160 3200 1264 3254 venetio,
1278 3215 1328 3264 qua

176 3255 264 3321 tiquam
281 3275 377 3307 morum
392 3258 567 3324 simplicitatem
583 3258 656 3307 redire
667 3259 736 3308 volu·
766 3261 834 3325 pueri
846 3259 979 3308 adlabores
990 3260 1015 3309 in
1026 3259 1090 3308 bello
1101 3261 1209 3309 terendos
1222 3263 1325 3311 obdura·

175 3323 391 3381 numidiarum,
402 3322 735 3390 tanquamunicecorrupto-
767 3333 865 3372 rentur:
895 3324 944 3374 rid.
965 3324 1010 3373 inl.
1030 3323 1060 3372 ad
1083 3327 1134 3373 Sat.
1150 3325 1177 3381 ii,
1195 3327 1221 3381 2,
1239 3329 1265 3382 9.
1285 3330 1325 3379 10.

174 3400 225 3434 rum
235 3405 330 3438 norum
339 3403 428 3445 causae,
438 3387 588 3454 exstirpanda
595 3387 693 3436 omuino
701 3399 737 3438 est
768 3389 784 3438 J
788 3398 880 3454 ungunt
897 3392 965 3437 rudit
980 3392 1060 3445 uuus,
1073 3389 1137 3454 quod
1149 3391 1242 3454 poetica
1255 3392 1326 3458 copia

173 3452 303 3525 cupiditas.
339 3452 472 3518 Exstirperi
488 3462 566 3502 autent
581 3453 651 3500 istam
668 3469 736 3518 posse
768 3470 810 3518 pro
832 3455 949 3519 simplice,
966 3454 1042 3503 nescit
1058 3455 1096 3502 vel
1116 3455 1217 3518 ignorat,
1233 3455 1325 3506 dictum

172 3518 301 3574 existimat,
321 3515 343 3564 si
361 3533 445 3566 aurum
457 3527 482 3566 et
492 3533 528 3566 res
543 3517 650 3582 pretiose
668 3534 735 3583 que·
768 3535 820 3567 esse
839 3528 933 3585 putant.
966 3517 1013 3566 Sed
1030 3518 1145 3576 nondum,
1163 3528 1191 3566 ιιι
1205 3519 1235 3568 de
1253 3520 1325 3586 hujus

174 3581 338 3644 quevelJovi
355 3581 493 3648 Capitolino
507 3591 621 3646 tanquam
635 3581 733 3642 α’ναθὴ-
765 3582 893 3633 locutionis
913 3581 1043 3632 Latinitate
1066 3583 1125 3632 mihi
1149 3584 1323 3648 persuaderem,

173 3663 238 3706 ματα
246 3647 351 3696 solemni
362 3662 427 3696 more
437 3647 574 3702 offerantur,
584 3645 623 3694 vel
634 3645 659 3695 in
670 3663 734 3696 mare
766 3647 853 3697 adduci
864 3648 939 3713 potui.
975 3649 1040 3696 Num
1051 3648 1106 3713 quis
1117 3649 1177 3696 ferat
1188 3649 1250 3696 hoel
1265 3667 1324 3711 puer

173 3709 328 3774 abjiciantur.
357 3711 387 3760 Iu
399 3713 548 3774 Capitolium,
559 3710 589 3760 ad
597 3711 733 3777 exemplum
765 3715 880 3776 ingenuus
894 3715 962 3760 rudit
971 3715 1038 3778 (pro,
1050 3712 1174 3777 equitandi
1183 3713 1323 3778 imperitus)

173 3775 284 3840 Augusti,
293 3779 346 3840 qui,
354 3784 383 3826 ut
392 3784 472 3825 narrat
480 3775 607 3826 Suetonius
618 3777 682 3840 Aug.
691 3779 732 3834 30,
765 3780 835 3826 nescu
844 3780 928 3826 terere
935 3795 999 3840 ιοοο,
1009 3792 1060 3842 pro,
1069 3793 1117 3825 non
1124 3786 1201 3843 potest
1206 3778 1323 3842 equitare.

172 3841 197 3887 ia
214 3844 295 3890 cellum
321 3842 450 3904 Capitolini
466 3841 530 3889 lovis
548 3843 641 3889 sedecim
657 3843 733 3890 millio
767 3841 850 3899 Quid?
865 3842 885 3889 si
896 3844 1014 3907 pror-udis
1026 3842 1140 3891 Horatius
1154 3843 1321 3908 rudiscripse-

169 3908 242 3965 pondo
252 3910 319 3962 eriri,
329 3922 471 3970 gemuntque
482 3916 504 3954 et
513 3909 653 3970 aturgnritut
664 3909 732 3970 quiu-
765 3906 813 3954 ritl
830 3906 854 3955 h.
867 3923 888 3956 e.
900 3921 963 3972 equo
974 3907 1079 3954 nondum
1095 3906 1185 3954 domito
1198 3917 1223 3956 et
1232 3907 1321 3956 condo·

170 3973 255 4030 gentica
268 3971 320 4019 HS.
331 3989 380 4019 ιιιιο
390 3973 511 4019 deuotione
519 3972 651 4018 corituleril.
683 3971 733 4024 Quo
765 3970 865 4028 cefacto,
876 3971 943 4036 quali
954 3970 1050 4036 quidem
1063 3971 1105 4036 qui
1116 3971 1212 4026 insidet,
1228 3974 1321 4031 harere,

171 4035 253 4082 elamor
274 4045 343 4084 cocat
365 4045 387 4084 et
409 4037 479 4084 turbu
492 4035 640 4108 juventium,
670 4035 732 4084 inter
763 4036 787 4084 h.
799 4051 821 4084 e.
833 4035 930 4086 tirmiter
939 4037 961 4085 ei
971 4035 1074 4084 insidere
1084 4036 1163 4085 debet
1199 4037 1285 4086 Cicero
1296 4056 1321 4104 p.

171 4095 270 4149 unium
281 4100 368 4165 populi
383 4107 512 4165 praeeuntis
525 4098 730 4148 acclamationem.
764 4099 846 4148 Deiot.
858 4118 882 4150 c.
896 4103 936 4158 to,
948 4101 1029 4164 ltaque
1038 4101 1173 4149 Deiotarum
1185 4119 1235 4150 eum
1242 4104 1321 4164 plures

173 4161 200 4209 Ιιι
210 4181 271 4213 amre
280 4167 422 4228 ρτοιίνιιινι,
433 4163 582 4228 Tyrrhenum
599 4173 671 4228 pula;
688 4180 730 4212 va·
764 4168 787 4212 iu
807 4183 889 4228 equum
907 4168 1060 4222 riututuunt,
1075 4169 1135 4229 quod
1150 4168 1235 4214 herere
1253 4170 1276 4215 iu
1295 4185 1320 4216 eo

171 4225 215 4276 luit
224 4237 306 4278 autem
317 4229 369 4293 jam
381 4229 514 4292 antiquitus
525 4228 676 4293 proverbialis
687 4229 730 4278 illa
759 4245 823 4278 seam
833 4241 913 4291 posset,
925 4233 1038 4278 admirari
1047 4231 1152 4279 tuumne.
1180 4233 1243 4280 Nam
1255 4231 1319 4295 quod

170 4290 265 4350 locutio,
276 4309 338 4360 qua,
348 4293 391 4358 qui
404 4307 441 4341 res
450 4292 564 4358 quasdem
574 4302 730 4342 contemnunt
761 4294 872 4342 nonnulli
882 4297 954 4344 verbo
964 4296 1046 4344 lraerm
1060 4294 1180 4344 notionem
1197 4295 1319 4345 infirmita-

171 4363 194 4403 et
203 4357 262 4406 nihil
274 4367 371 4413 curant.
383 4373 425 4406 eas
441 4374 467 4407 se
480 4358 506 4406 in
523 4373 610 4424 equam
627 4358 730 4423 abjicere
760 4359 877 4409 tisinesse
888 4361 1035 4414 existimant,
1045 4367 1072 4407 ut
1082 4358 1171 4425 sitpro,
1179 4361 1242 4408 mele
1250 4361 1319 4426 equi·

171 4421 228 4471 velle
236 4422 315 4472 aiunt.
348 4424 390 4488 Op
422 4431 490 4472 rtune
506 4422 605 4471 iuliane
621 4439 671 4472 rem
687 4424 728 4472 Cl.
761 4431 820 4477 tare,
838 4424 962 4474 sententie
980 4425 1051 4489 plane
1070 4439 1128 4489 repu
1146 4433 1202 4484 nat3
1225 4424 1320 4489 siquis

172 4485 319 4551 Boettigerus
335 4488 377 4536 lau
395 4495 421 4536 tt
434 4487 536 4536 Lucian.
550 4487 691 4550 Tim.§56,
703 4505 727 4554 p.
761 4492 830 4536 iuuit
853 4489 915 4538 male
941 4489 1057 4554 equitare,
1080 4442 1146 4537 haud
1166 4489 1237 4538 dubie
1258 4490 1320 4540 bene

172 4550 225 4608 17³,
237 4555 285 4602 Σοῦ
296 4551 322 4602 δὲ
338 4552 417 4602 αὑτοῦ
430 4550 507 4616 χάριν
516 4551 634 4613 luridum
648 4552 681 4610 ὡς
692 4555 728 4618 μὴ
761 4553 866 4618 equitat;
883 4562 908 4602 at
924 4554 966 4619 qui
983 4559 1054 4602 nescit
1072 4553 1169 4602 firmiter
1183 4569 1246 4618 equo
1260 4553 1319 4602 insi-

169 4611 292 4684 διαφθείρῃ
308 4634 334 4666 σε
352 4619 382 4667 τὸ
394 4615 510 4667 κάκιστον
528 4621 600 4668 τοῦτο
618 4619 658 4666 καὶ
676 4618 727 4666 lut·
760 4617 825 4673 dere,
850 4619 914 4666 male
936 4618 1036 4682 equitat.
1070 4617 1112 4666 Ad
1129 4616 1210 4666 studia
1229 4628 1319 4676 autem,

168 4678 326 4738 βουλότατον
336 4681 446 4746 :cripui
463 4685 577 4742 πλοῦτος,
593 4681 606 4731 ὸ
625 4683 730 4741 πολλοῖς
762 4683 849 4747 quibua
866 4683 933 4748 pueri
950 4681 1057 4731 Romani
1076 4682 1101 4730 in
1119 4685 1212 4747 Campo
1228 4684 1320 4733 Mimo

171 4745 291 4806 πολλάκις
304 4747 385 4806 αἴτιος
395 4745 537 4807 ἀνηκέστων
547 4751 681 4813 συμφορῶν
691 4765 730 4812 γε·
763 4749 945 4803 exercebantur,
957 4747 1100 4814 pertinuisse
1116 4749 1279 4814 quemlebet,
1292 4759 1319 4800 ιιι
