3659 5892
481 527 547 594 ⁴60
853 528 1245 596 EPISTOLARUM

498 681 544 745 65
564 678 654 745 Vilis
667 676 861 743 vendentem
876 680 1021 745 tunicato
1036 690 1146 747 scruto
1159 680 1292 766 popello

565 780 729 865 Occupet,
743 790 778 845 et
792 780 916 847 salvere
925 782 1023 866 jubet
1037 783 1138 867 prior.
1184 782 1243 847 llle
1259 782 1415 869 Philippo

565 882 737 947 Excusare
750 882 907 961 laborem,
922 895 956 948 et
969 885 1168 949 mercenaria
1182 884 1297 962 vincla,

564 984 666 1057 Quod
680 1007 746 1049 non
759 1008 853 1049 mane
868 985 999 1050 domum
1013 986 1173 1065 venissen
1196 986 1337 1071 denique
1351 986 1441 1071 quod
1456 1008 1520 1052 non

565 1085 768 1152 Providisset
782 1110 867 1152 eum.
914 1087 970 1152 Sic
984 1088 1148 1171 ignovisse
1162 1098 1279 1172 putato

501 1188 545 1251 70
565 1187 624 1252 Me
639 1190 710 1267 tibi,
726 1190 755 1252 si
769 1210 880 1253 coeuus
894 1188 994 1254 hodie
1006 1210 1140 1254 mecum.
1186 1188 1235 1253 Ut
1248 1189 1339 1255 libet.
1386 1190 1476 1274 Ergo

564 1288 646 1354 Post
659 1312 778 1355 nonem
790 1291 919 1368 veuiee3
943 1312 1029 1355 nunc
1044 1292 1066 1367 i,
1082 1312 1150 1355 rem
1165 1300 1317 1355 strenuus
1331 1313 1425 1376 auge.

563 1388 613 1454 Ut
626 1401 758 1455 ventum
770 1391 814 1455 ud
828 1414 955 1456 coeuum
969 1402 1031 1469 ert,
1048 1391 1188 1457 dicende
1202 1392 1341 1457 tacenda
1355 1393 1493 1470 locutus,

563 1491 714 1557 Tandem
728 1494 902 1557 dormitum
916 1492 1100 1557 dimittitur.
1146 1492 1224 1571 Hic,
1238 1494 1296 1558 ubi
1312 1516 1401 1579 saepe

564 1592 741 1659 Occultum
755 1596 844 1659 visus
858 1596 959 1679 piscis
974 1595 1148 1660 decurrere
1163 1594 1205 1658 ad
1220 1593 1365 1672 hamum,

498 1694 543 1757 75
564 1693 666 1759 Mane
680 1696 780 1761 cliens
794 1708 829 1761 et
838 1698 908 1781 jem
922 1706 1031 1762 certus
1043 1697 1188 1773 conviva,
1200 1698 1338 1780 jubetur

562 1795 657 1860 Rura
671 1799 859 1863 suburbana
873 1799 1005 1863 indictio
1019 1819 1126 1863 comes
1142 1798 1190 1861 ire
1208 1796 1347 1861 Latinis.

562 1897 739 1982 Impositus
751 1900 889 1977 munnio,
904 1921 1020 1984 agrum
1034 1896 1218 1983 coelumque
1233 1898 1392 1963 Sabinum

562 1997 642 2062 Non
656 2011 764 2065 cessat
777 2000 923 2065 laudere.
969 1999 1073 2064 Videt
1087 1999 1237 2084 ridetque
1252 1998 1446 2084 Philippus:

563 2098 621 2177 Et,
638 2102 700 2165 eibi
716 2102 794 2165 dum
809 2102 964 2187 requiem,
981 2101 1059 2165 dum
1073 2101 1158 2165 risus
1173 2101 1318 2184 undique
1333 2102 1463 2185 quaerit,

498 2201 541 2264 80
563 2200 654 2265 Dum
669 2215 794 2287 septem
809 2203 911 2267 donet
925 2202 1085 2278 sestertia,
1101 2212 1213 2267 mutua
1228 2213 1354 2286 septem

562 2302 738 2381 Promittit,
754 2304 943 2388 persuadet,
959 2304 1008 2365 uti
1023 2312 1185 2367 mercetur
1200 2303 1349 2387 agellum.

563 2403 750 2469 Mereatur:
774 2428 815 2468 ne
830 2415 863 2469 te
877 2404 983 2488 longis
999 2404 1190 2487 ambagibus
1205 2404 1302 2481 ultra,

562 2506 671 2579 Quem
686 2507 765 2569 satis
780 2516 842 2583 est,
858 2528 982 2583 morer3
1006 2527 1049 2569 ex
1062 2505 1167 2569 nitido
1181 2504 1219 2569 fit
1234 2506 1388 2582 rusticus,
1404 2516 1502 2589 atque

562 2606 679 2671 Sulcos
694 2618 728 2670 et
742 2608 851 2671 vineta
865 2618 978 2691 crepet
991 2628 1092 2682 mero,
1107 2618 1272 2690 praeparut
1284 2606 1401 2685 ulmos,

497 2709 540 2771 85
561 2708 747 2773 Immoritur
762 2708 890 2785 studiis,
906 2719 939 2771 et
955 2730 1063 2772 amore
1079 2709 1219 2773 senescit
1232 2708 1387 2773 habendi.

475 2892 589 2950 nobilem,
600 2894 665 2943 edire
679 2909 727 2943 non
745 2894 826 2952 audet,
839 2894 890 2943 eive
905 2910 955 2960 pree
966 2909 1033 2944 vere·
1065 2896 1140 2943 hercle
1150 2904 1172 2943 te
1179 2897 1340 2957 pewidnomf
1351 2912 1430 2958 pum,
1440 2910 1469 2945 ee
1478 2896 1535 2943 vitto
1544 2903 1624 2949 oenus,

473 2955 563 3005 cundia
584 2968 608 3007 te
629 2958 793 3017 exhonoecit3
810 2959 951 3008 verecundia
970 2958 1034 3007 enim
1067 2958 1106 3007 ltu
1116 2962 1240 3007 iromudr'o
1250 2962 1337 3009 obstitit
1344 2962 1425 3009 oculu.

473 3036 647 3132 ponuunquem
646 3038 717 3135 1th
727 3023 812 3072 timore
821 3023 859 3071 rel
869 3022 962 3072 horrore
973 3039 1033 3088 quo·
1069 3086 1084 3133 h
1099 3024 1140 3071 71.
1159 3024 1213 3071 Port
1225 3040 1315 3135 Ἡρη,
1328 3023 1393 3088 opud
1409 3037 1453 3072 nor
1469 3030 1524 3089 post
1536 3022 1627 3071 tertium

491 3100 645 3134 umconunc
680 3101 727 3134 er.
1086 3101 1150 3135 orem
1193 3102 1230 3136 roe
1268 3103 1356 3137 uuum.

505 3150 548 3197 65.
560 3102 622 3197 Vilio
630 3160 718 3206 mute,
726 3148 835 3215 intellige
843 3150 942 3200 detritae
950 3158 1036 3209 vester,
1101 3150 1141 3199 ⁷2.
1186 3154 1274 3209 lorado,
1292 3154 1389 3199 tacendo
1401 3148 1482 3215 (ῥητὰ
1495 3150 1538 3199 καὶ
1553 3149 1626 3216 eppe·

474 3212 639 3269 iustrumenta,
649 3222 674 3262 et
683 3214 761 3262 multe
770 3215 827 3270 elia,
838 3224 943 3281 tempore
954 3224 979 3264 et
990 3230 1037 3263 nen
1070 3214 1126 3276 ro),
1148 3214 1222 3279 digno
1241 3224 1266 3263 et
1286 3215 1386 3280 indigne
1408 3213 1502 3272 auditu,
1523 3222 1579 3280 apto
1604 3224 1628 3263 et

473 3276 558 3325 viliore
582 3276 654 3326 lecto.
697 3278 824 3342 Ejusmodi
850 3294 942 3328 mercer
969 3280 1037 3343 (noe,
1070 3276 1109 3326 ine
1127 3286 1160 3327 to.

476 3341 646 3403 TrBdeluoure)
664 3342 762 3391 renalee
778 3342 899 3391 hebebant
915 3346 1037 3391 scutarii.
1118 3344 1143 3390 3.
1161 3342 1306 3398 Dimittitor,
1318 3356 1353 3389 rc.
1364 3342 1472 3391 domum.

474 3406 599 3455 Jamvero
615 3420 671 3454 cum
689 3407 771 3455 Mene
786 3406 983 3461 munctionibus,
996 3406 1037 3454 ubi
1102 3405 1209 3455 73-76.
1226 3404 1282 3462 Hic,
1309 3408 1350 3453 ubi
1375 3423 1440 3467 repe,
1467 3412 1525 3455 cett.
1556 3405 1627 3453 Hunc

474 3469 516 3517 ille
524 3486 603 3534 preco
611 3471 688 3535 pretio
697 3470 841 3518 licituotium
853 3471 1036 3535 pronunciabat,
1069 3469 1148 3517 locum
1167 3470 1202 3517 ito
1220 3468 1375 3535 interpretor:
1398 3470 1445 3518 Hie
1462 3470 1575 3533 (Meno),
1590 3471 1630 3516 ebt

473 3534 845 3583 commoderemmobsoleturum
852 3533 1037 3583 coemendarum
1070 3534 1225 3598 (postquem)
1246 3549 1302 3596 repe
1323 3532 1386 3582 sicut
1402 3536 1472 3595 piscis
1490 3536 1520 3581 od
1539 3534 1629 3580 Meum

473 3598 665 3663 suppeditaretur
681 3598 783 3654 eccesie,
804 3598 923 3663 quomodo
946 3599 1037 3647 lectum
1069 3600 1182 3645 occultum
1193 3597 1224 3645 nd
1239 3598 1303 3645 edes
1314 3597 1422 3671 Philippi
1434 3601 1556 3645 decurrere
1570 3599 1630 3645 etrus

474 3662 513 3718 rit,
525 3671 553 3710 ut
563 3678 642 3728 preco
655 3662 726 3710 simul
742 3670 805 3711 eseet
815 3662 954 3720 scrutarius,
967 3660 1038 3710 sueile
1069 3669 1115 3716 est,
1129 3662 1199 3708 Mune
1211 3660 1318 3725 (scilicet
1328 3660 1436 3725 Phihppi
1446 3660 1566 3709 educandi
1578 3675 1630 3725 gra-

474 3737 581 3791 upperet.
614 3728 727 3775 Tunicam
737 3728 833 3788 popello,
843 3726 950 3787 intellige
962 3725 1037 3775 homi·
1071 3725 1116 3783 tie)
1129 3726 1199 3773 etiem
1215 3735 1237 3773 et
1246 3728 1301 3787 jour
1318 3736 1393 3773 cer-tue
1409 3728 1512 3781 convivo,
1522 3727 1629 3787 jubetur,

474 3806 517 3839 nes
534 3791 565 3839 de
581 3791 661 3856 plebe,
662 3790 781 3903 'ppilicen
796 3790 952 3846 tabernarios,
970 3798 1037 3847 cett„
1070 3797 1127 3837 cett.
1160 3789 1200 3837 De
1216 3787 1334 3853 particula
1350 3804 1402 3838 eom
1435 3788 1503 3836 rundi
1519 3788 1631 3845 rieut,od

474 3855 516 3919 qui
527 3870 576 3903 oon
587 3864 651 3917 tego,
716 3853 799 3903 tunica
808 3856 946 3903 ntebentur.
1064 3850 1244 3917 peruenisse,
1261 3852 1293 3901 cl.
1309 3868 1364 3901 eu.
1425 3852 1504 3917 Epist·
1518 3852 1536 3907 i,
1548 3854 1573 3907 2,
1591 3853 1630 3900 42.

506 3920 547 3967 66.
573 3920 685 3981 Occupat,
703 3918 815 3984 opprimit
822 3936 830 3978 ;
850 3933 902 3976 noe,
921 3936 947 3967 er
966 3920 1034 3966 tter-
1067 3869 1619 3975 ludicris,ec.econsuld;lariuie,sc.leriie.

473 3985 560 4031 roscit.
592 3983 816 4038 Sutoere‚rc.euru.
1100 3980 1207 4029 77-79,
1225 3980 1335 4028 Monuit.-
1358 3980 1498 4044 cl.·eup.ed
1515 3980 1592 4045 Epod.
1604 3981 1627 4038 4,

506 4047 547 4095 67.
565 4046 673 4108 Philippo
688 4046 804 4094 Breuem
820 4048 927 4101 luberent,
939 4054 961 4093 et
977 4061 1035 4093 mer-
1070 4045 1109 4091 14.
1136 4045 1251 4092 stlitem
1262 4043 1630 4108 requiempuoerit,dumipeein

473 4113 567 4159 cenario
584 4113 669 4165 uincto,
683 4125 710 4159 ee
726 4125 840 4159 excusare
858 4110 924 4184 apud
941 4108 1035 4174 Philip-
1067 4116 1188 4173 posterum
1200 4107 1272 4155 vitem
1283 4108 1368 4157 secturi
1379 4108 1431 4157 vult
1440 4106 1555 4171 quietum,
1568 4108 1629 4157 iner-

474 4189 531 4239 pum
551 4174 631 4222 lubore
648 4183 673 4222 et
689 4174 839 4223 mercenariis
854 4172 973 4221 rrnculie:
994 4188 1037 4237 per
1068 4179 1125 4229 tem,
1134 4179 1159 4220 et
1170 4170 1318 4245 negotiorum
1335 4171 1449 4221 molestiis
1461 4170 1569 4220 liberem.
1587 4172 1630 4219 lli·

473 4240 568 4286 viuculo
584 4240 726 4286 mercenaria
735 4237 844 4301 intellige
853 4237 932 4286 officia
946 4252 1036 4303 preecc-
1067 4252 1114 4290 rut,
1137 4235 1244 4300 intellige
1272 4235 1353 4285 omnia
1379 4252 1435 4302 qure
1465 4234 1537 4283 vitem
1564 4235 1629 4285 exhi·

474 4302 500 4351 ni
511 4318 553 4367 pro
563 4303 692 4351 constitute
698 4301 806 4350 mercede
814 4301 938 4351 obeunda:
956 4302 1037 4350 ruinne
1068 4298 1153 4347 lerunt,

474 4377 538 4416 recte
548 4368 619 4415 vertit
630 4366 742 4422 Vossius,
754 4365 981 4430 Houdebgeecttfle.
1100 4364 1142 4413 80.
1157 4364 1245 4425 Septem
1256 4366 1368 4419 sestertia,
1383 4370 1473 4427 reptem
1489 4362 1566 4411 millia
1583 4378 1630 4412 ree·

507 4432 548 4481 68.
565 4432 672 4488 Domum.
685 4432 711 4479 in
723 4428 918 4495 oedchhilippi3
934 4432 1037 4487 unieret,
1068 4426 1174 4475 tortidm.

474 4494 595 4545 salutandi
605 4511 687 4544 mure.
1103 4493 1144 4540 82.
1165 4491 1245 4547 Ultro,
1256 4508 1325 4554 quom
1334 4492 1390 4537 sotir
1404 4500 1445 4547 eet,
1458 4490 1540 4548 nimie,
1550 4500 1633 4557 preter

507 4561 549 4608 69.
567 4560 707 4609 Ρτουὶἀίεεσε
716 4575 777 4614 euru,
787 4573 844 4607 eum
855 4556 990 4606 venientem
1000 4556 1037 4605 ei·
1071 4555 1176 4603 modum.

473 4624 556 4681 diceet,
567 4625 729 4673 obeervueeetz
746 4623 829 4671 Plout·
840 4621 912 4669 Asin.
924 4620 950 4677 ii,
961 4623 985 4679 4,
997 4638 1036 4683 op·
1102 4620 1143 4667 8³.
1171 4618 1207 4667 Er
1227 4620 1310 4676 nitido,
1333 4634 1362 4667 ex
1382 4615 1534 4681 elegantioris
1554 4618 1634 4667 cultu·

474 4699 536 4738 turre
548 4706 557 4747 ,·
584 4690 740 4754 puomdudum
766 4698 794 4737 tu
820 4687 955 4735 adomim?
984 4684 1037 4734 Nor
1068 4682 1277 4733 bomiueurbuno.
