<?xml version="1.0" encoding="UTF-8"?>
<!DOCTYPE html PUBLIC "-//W3C//DTD XHTML 1.0 Transitional//EN"
    "http://www.w3.org/TR/xhtml1/DTD/xhtml1-transitional.dtd">
<html xmlns="http://www.w3.org/1999/xhtml" xml:lang="en" lang="en">
 <head>
  <title>
</title>
<meta http-equiv="Content-Type" content="text/html;charset=utf-8" />
  <meta name='ocr-system' content='tesseract 3.04.00' />
  <meta name='ocr-capabilities' content='ocr_page ocr_carea ocr_par ocr_line ocrx_word'/>
</head>
<body>
  <div class='ocr_page' id='page_1' title='image "./qhoratiiflaccio01drgoog_0377.png"; bbox 0 0 3659 5892; ppageno 0'>
   <div class='ocr_carea' id='block_1_1' title="bbox 601 545 943 627">
    <p class='ocr_par' dir='ltr' id='par_1_1' title="bbox 601 545 943 627">
     <span class='ocr_line' id='line_1_1' title="bbox 601 545 943 627; baseline -0.012 -12"><span class='ocrx_word' id='word_1_1' title='bbox 601 576 604 579; x_wconf 95' lang='lat'>·</span> <span class='ocrx_word' id='word_1_2' title='bbox 672 545 837 615; x_wconf 85' lang='lat' dir='ltr'>LIBER</span> <span class='ocrx_word' id='word_1_3' title='bbox 859 545 887 627; x_wconf 92' lang='lat'>1,</span> <span class='ocrx_word' id='word_1_4' title='bbox 910 546 943 613; x_wconf 90' lang='grc'>6.</span> 
     </span>
    </p>
   </div>
   <div class='ocr_carea' id='block_1_2' title="bbox 240 696 1363 2627">
    <p class='ocr_par' dir='ltr' id='par_1_2' title="bbox 319 696 969 777">
     <span class='ocr_line' id='line_1_2' title="bbox 319 696 969 777; baseline -0.009 -8"><span class='ocrx_word' id='word_1_5' title='bbox 319 702 378 769; x_wconf 91' lang='lat' dir='ltr'>Me</span> <span class='ocrx_word' id='word_1_6' title='bbox 394 702 589 769; x_wconf 75' lang='lat' dir='ltr'><strong>Satureiano</strong></span> <span class='ocrx_word' id='word_1_7' title='bbox 603 702 725 768; x_wconf 86' lang='lat' dir='ltr'>vecteri</span> <span class='ocrx_word' id='word_1_8' title='bbox 740 722 817 766; x_wconf 83' lang='lat' dir='ltr'>mre</span> <span class='ocrx_word' id='word_1_9' title='bbox 831 696 969 777; x_wconf 82' lang='lat' dir='ltr'><strong>caballo,</strong></span> 
     </span>
    </p>

    <p class='ocr_par' dir='ltr' id='par_1_3' title="bbox 254 799 1363 1197">
     <span class='ocr_line' id='line_1_3' title="bbox 254 799 1271 893; baseline -0.01 -20"><span class='ocrx_word' id='word_1_10' title='bbox 254 805 297 873; x_wconf 88' lang='grc'>60</span> <span class='ocrx_word' id='word_1_11' title='bbox 319 806 398 885; x_wconf 87' lang='lat' dir='ltr'><strong>Sed,</strong></span> <span class='ocrx_word' id='word_1_12' title='bbox 414 808 503 893; x_wconf 91' lang='lat' dir='ltr'>quod</span> <span class='ocrx_word' id='word_1_13' title='bbox 518 828 617 885; x_wconf 89' lang='lat' dir='ltr'>eram,</span> <span class='ocrx_word' id='word_1_14' title='bbox 631 826 746 869; x_wconf 82' lang='lat' dir='ltr'>narro:</span> <span class='ocrx_word' id='word_1_15' title='bbox 769 803 950 889; x_wconf 83' lang='lat' dir='ltr'>respondes</span> <span class='ocrx_word' id='word_1_16' title='bbox 966 800 1015 884; x_wconf 85' lang='lat' dir='ltr'>(ut</span> <span class='ocrx_word' id='word_1_17' title='bbox 1030 808 1107 864; x_wconf 91' lang='lat' dir='ltr'>tuus</span> <span class='ocrx_word' id='word_1_18' title='bbox 1122 799 1271 883; x_wconf 89' lang='lat' dir='ltr'>estmoe)</span> 
     </span>
     <span class='ocr_line' id='line_1_4' title="bbox 319 902 1363 989; baseline -0.008 -16"><span class='ocrx_word' id='word_1_19' title='bbox 319 908 448 975; x_wconf 89' lang='lat' dir='ltr'>Pauca:</span> <span class='ocrx_word' id='word_1_20' title='bbox 471 911 572 987; x_wconf 79' lang='lat' dir='ltr'>abe03</span> <span class='ocrx_word' id='word_1_21' title='bbox 596 916 631 972; x_wconf 87' lang='lat' dir='ltr'>et</span> <span class='ocrx_word' id='word_1_22' title='bbox 644 928 778 972; x_wconf 81' lang='lat' dir='ltr'>revocas</span> <span class='ocrx_word' id='word_1_23' title='bbox 793 927 879 971; x_wconf 92' lang='lat' dir='ltr'>nono</span> <span class='ocrx_word' id='word_1_24' title='bbox 895 914 972 989; x_wconf 89' lang='lat' dir='ltr'>post</span> <span class='ocrx_word' id='word_1_25' title='bbox 985 924 1108 980; x_wconf 85' lang='lat' dir='ltr'>mense,</span> <span class='ocrx_word' id='word_1_26' title='bbox 1119 902 1284 987; x_wconf 87' lang='lat' dir='ltr'>jubesque</span> <span class='ocrx_word' id='word_1_27' title='bbox 1360 906 1363 912; x_wconf 84' lang='lat'>&#39;</span> 
     </span>
     <span class='ocr_line' id='line_1_5' title="bbox 319 1003 1275 1091; baseline -0.007 -16"><span class='ocrx_word' id='word_1_28' title='bbox 319 1011 405 1077; x_wconf 89' lang='lat' dir='ltr'>Esse</span> <span class='ocrx_word' id='word_1_29' title='bbox 421 1014 454 1076; x_wconf 93' lang='lat' dir='ltr'>in</span> <span class='ocrx_word' id='word_1_30' title='bbox 469 1012 644 1076; x_wconf 88' lang='lat' dir='ltr'>amicorum</span> <span class='ocrx_word' id='word_1_31' title='bbox 658 1030 803 1073; x_wconf 91' lang='lat' dir='ltr'>numero.</span> <span class='ocrx_word' id='word_1_32' title='bbox 849 1006 1010 1091; x_wconf 81' lang='lat' dir='ltr'>Magnum</span> <span class='ocrx_word' id='word_1_33' title='bbox 1022 1003 1086 1068; x_wconf 93' lang='lat' dir='ltr'>hoc</span> <span class='ocrx_word' id='word_1_34' title='bbox 1100 1026 1163 1089; x_wconf 84' lang='lat' dir='ltr'>ego</span> <span class='ocrx_word' id='word_1_35' title='bbox 1178 1004 1275 1081; x_wconf 90' lang='lat' dir='ltr'>duco,</span> 
     </span>
     <span class='ocr_line' id='line_1_6' title="bbox 321 1106 1167 1197; baseline -0.009 -19"><span class='ocrx_word' id='word_1_36' title='bbox 321 1114 423 1187; x_wconf 84' lang='lat' dir='ltr'>Quod</span> <span class='ocrx_word' id='word_1_37' title='bbox 437 1110 546 1197; x_wconf 90' lang='lat' dir='ltr'>placui</span> <span class='ocrx_word' id='word_1_38' title='bbox 560 1114 632 1189; x_wconf 90' lang='lat' dir='ltr'>tibi,</span> <span class='ocrx_word' id='word_1_39' title='bbox 647 1111 704 1195; x_wconf 93' lang='lat' dir='ltr'>qui</span> <span class='ocrx_word' id='word_1_40' title='bbox 719 1109 808 1194; x_wconf 86' lang='lat' dir='ltr'><strong>turpi</strong></span> <span class='ocrx_word' id='word_1_41' title='bbox 824 1108 967 1173; x_wconf 80' lang='lat' dir='ltr'>secernis</span> <span class='ocrx_word' id='word_1_42' title='bbox 981 1106 1167 1183; x_wconf 89' lang='lat' dir='ltr'>honestum,</span> 
     </span>
    </p>

    <p class='ocr_par' dir='ltr' id='par_1_4' title="bbox 320 1212 1156 1299">
     <span class='ocr_line' id='line_1_7' title="bbox 320 1212 1156 1299; baseline -0.006 -20"><span class='ocrx_word' id='word_1_43' title='bbox 320 1215 400 1279; x_wconf 92' lang='lat' dir='ltr'>Non</span> <span class='ocrx_word' id='word_1_44' title='bbox 415 1226 508 1299; x_wconf 82' lang='lat' dir='ltr'>patre</span> <span class='ocrx_word' id='word_1_45' title='bbox 521 1212 691 1299; x_wconf 86' lang='lat' dir='ltr'>praeclaro,</span> <span class='ocrx_word' id='word_1_46' title='bbox 708 1212 767 1277; x_wconf 90' lang='lat' dir='ltr'>sed</span> <span class='ocrx_word' id='word_1_47' title='bbox 782 1212 849 1275; x_wconf 88' lang='lat' dir='ltr'>vita</span> <span class='ocrx_word' id='word_1_48' title='bbox 863 1222 897 1275; x_wconf 89' lang='lat' dir='ltr'>et</span> <span class='ocrx_word' id='word_1_49' title='bbox 911 1220 1046 1295; x_wconf 83' lang='lat' dir='ltr'>pectore</span> <span class='ocrx_word' id='word_1_50' title='bbox 1060 1232 1156 1294; x_wconf 89' lang='lat' dir='ltr'>puro.</span> 
     </span>
    </p>

    <p class='ocr_par' dir='ltr' id='par_1_5' title="bbox 256 1313 1153 1607">
     <span class='ocr_line' id='line_1_8' title="bbox 256 1313 1070 1402; baseline -0.009 -19"><span class='ocrx_word' id='word_1_51' title='bbox 256 1318 300 1383; x_wconf 90' lang='grc'>65</span> <span class='ocrx_word' id='word_1_52' title='bbox 320 1315 426 1402; x_wconf 85' lang='lat' dir='ltr'>Atqui</span> <span class='ocrx_word' id='word_1_53' title='bbox 442 1318 470 1379; x_wconf 88' lang='lat' dir='ltr'>si</span> <span class='ocrx_word' id='word_1_54' title='bbox 484 1316 569 1380; x_wconf 85' lang='lat' dir='ltr'>vitiis</span> <span class='ocrx_word' id='word_1_55' title='bbox 583 1316 801 1381; x_wconf 81' lang='lat' dir='ltr'>mediocribus</span> <span class='ocrx_word' id='word_1_56' title='bbox 817 1334 855 1378; x_wconf 90' lang='lat' dir='ltr'>ac</span> <span class='ocrx_word' id='word_1_57' title='bbox 869 1334 942 1377; x_wconf 87' lang='lat' dir='ltr'>mea</span> <span class='ocrx_word' id='word_1_58' title='bbox 955 1313 1070 1397; x_wconf 88' lang='lat' dir='ltr'>paucis</span> 
     </span>
     <span class='ocr_line' id='line_1_9' title="bbox 321 1415 1134 1501; baseline -0.006 -17"><span class='ocrx_word' id='word_1_59' title='bbox 321 1418 485 1484; x_wconf 87' lang='lat' dir='ltr'>Mendosa</span> <span class='ocrx_word' id='word_1_60' title='bbox 497 1428 548 1483; x_wconf 88' lang='lat' dir='ltr'>est</span> <span class='ocrx_word' id='word_1_61' title='bbox 562 1428 690 1495; x_wconf 89' lang='lat' dir='ltr'>natura,</span> <span class='ocrx_word' id='word_1_62' title='bbox 706 1416 828 1501; x_wconf 91' lang='lat' dir='ltr'>alioqui</span> <span class='ocrx_word' id='word_1_63' title='bbox 842 1426 945 1493; x_wconf 90' lang='lat' dir='ltr'>recta,</span> <span class='ocrx_word' id='word_1_64' title='bbox 961 1415 1063 1499; x_wconf 83' lang='lat' dir='ltr'>(velut</span> <span class='ocrx_word' id='word_1_65' title='bbox 1077 1416 1106 1479; x_wconf 93' lang='lat' dir='ltr'>si</span> <span class='ocrx_word' id='word_1_66' title='bbox 1126 1446 1134 1455; x_wconf 63' lang='grc'><strong>’</strong></span> 
     </span>
     <span class='ocr_line' id='line_1_10' title="bbox 321 1517 1153 1607; baseline -0.005 -22"><span class='ocrx_word' id='word_1_67' title='bbox 321 1522 469 1607; x_wconf 82' lang='lat' dir='ltr'>Egregio</span> <span class='ocrx_word' id='word_1_68' title='bbox 484 1522 649 1605; x_wconf 89' lang='lat' dir='ltr'>inspersos</span> <span class='ocrx_word' id='word_1_69' title='bbox 663 1519 842 1605; x_wconf 89' lang='lat' dir='ltr'>reprendas</span> <span class='ocrx_word' id='word_1_70' title='bbox 857 1539 994 1603; x_wconf 88' lang='lat' dir='ltr'>corpore</span> <span class='ocrx_word' id='word_1_71' title='bbox 1010 1538 1120 1582; x_wconf 72' lang='lat' dir='ltr'>naevos</span> <span class='ocrx_word' id='word_1_72' title='bbox 1130 1517 1153 1600; x_wconf 82' lang='lat'>3)</span> 
     </span>
    </p>

    <p class='ocr_par' dir='ltr' id='par_1_6' title="bbox 240 1619 1222 1811">
     <span class='ocr_line' id='line_1_11' title="bbox 240 1619 1222 1709; baseline -0.004 -22"><span class='ocrx_word' id='word_1_73' title='bbox 240 1649 243 1657; x_wconf 93' lang='lat'>·</span> <span class='ocrx_word' id='word_1_74' title='bbox 322 1623 359 1687; x_wconf 90' lang='lat' dir='ltr'>Si</span> <span class='ocrx_word' id='word_1_75' title='bbox 373 1646 479 1709; x_wconf 89' lang='lat' dir='ltr'>neque</span> <span class='ocrx_word' id='word_1_76' title='bbox 492 1623 670 1699; x_wconf 79' lang='lat' dir='ltr'>avaritiam,</span> <span class='ocrx_word' id='word_1_77' title='bbox 686 1644 793 1707; x_wconf 92' lang='lat' dir='ltr'>neque</span> <span class='ocrx_word' id='word_1_78' title='bbox 808 1622 934 1699; x_wconf 88' lang='lat' dir='ltr'>sordes,</span> <span class='ocrx_word' id='word_1_79' title='bbox 948 1631 1007 1685; x_wconf 89' lang='lat' dir='ltr'>aut</span> <span class='ocrx_word' id='word_1_80' title='bbox 1020 1620 1105 1685; x_wconf 85' lang='lat' dir='ltr'>mala</span> <span class='ocrx_word' id='word_1_81' title='bbox 1119 1619 1222 1685; x_wconf 88' lang='lat' dir='ltr'>lustra</span> 
     </span>
     <span class='ocr_line' id='line_1_12' title="bbox 322 1722 1169 1811; baseline -0.005 -21"><span class='ocrx_word' id='word_1_82' title='bbox 322 1725 468 1811; x_wconf 87' lang='lat' dir='ltr'>Objiciet</span> <span class='ocrx_word' id='word_1_83' title='bbox 482 1747 558 1789; x_wconf 88' lang='lat' dir='ltr'>vere</span> <span class='ocrx_word' id='word_1_84' title='bbox 574 1724 745 1809; x_wconf 89' lang='lat' dir='ltr'>quisquam</span> <span class='ocrx_word' id='word_1_85' title='bbox 759 1722 855 1803; x_wconf 80' lang='lat' dir='ltr'>mihi3</span> <span class='ocrx_word' id='word_1_86' title='bbox 878 1745 983 1808; x_wconf 91' lang='lat' dir='ltr'>purus</span> <span class='ocrx_word' id='word_1_87' title='bbox 997 1734 1032 1787; x_wconf 91' lang='lat' dir='ltr'>et</span> <span class='ocrx_word' id='word_1_88' title='bbox 1046 1724 1169 1801; x_wconf 88' lang='lat' dir='ltr'>insons,</span> 
     </span>
    </p>

    <p class='ocr_par' dir='ltr' id='par_1_7' title="bbox 258 1826 1147 2219">
     <span class='ocr_line' id='line_1_13' title="bbox 258 1826 1104 1911; baseline -0.006 -17"><span class='ocrx_word' id='word_1_89' title='bbox 258 1828 301 1894; x_wconf 79' lang='lat'>70</span> <span class='ocrx_word' id='word_1_90' title='bbox 323 1827 383 1911; x_wconf 90' lang='lat' dir='ltr'>(Ut</span> <span class='ocrx_word' id='word_1_91' title='bbox 397 1850 449 1892; x_wconf 95' lang='lat' dir='ltr'>me</span> <span class='ocrx_word' id='word_1_92' title='bbox 464 1826 670 1911; x_wconf 74' lang='lat' dir='ltr'>collaudem)</span> <span class='ocrx_word' id='word_1_93' title='bbox 686 1828 714 1891; x_wconf 92' lang='lat' dir='ltr'>si</span> <span class='ocrx_word' id='word_1_94' title='bbox 726 1836 760 1891; x_wconf 91' lang='lat' dir='ltr'>et</span> <span class='ocrx_word' id='word_1_95' title='bbox 774 1828 847 1891; x_wconf 84' lang='lat' dir='ltr'>vivo</span> <span class='ocrx_word' id='word_1_96' title='bbox 862 1848 959 1891; x_wconf 89' lang='lat' dir='ltr'>carus</span> <span class='ocrx_word' id='word_1_97' title='bbox 974 1827 1104 1905; x_wconf 82' lang='lat' dir='ltr'>amicis3</span> 
     </span>
     <span class='ocr_line' id='line_1_14' title="bbox 322 1926 1147 2013; baseline -0.002 -18"><span class='ocrx_word' id='word_1_98' title='bbox 322 1931 431 1995; x_wconf 87' lang='lat' dir='ltr'>Causa</span> <span class='ocrx_word' id='word_1_99' title='bbox 444 1928 506 1993; x_wconf 89' lang='lat' dir='ltr'>fuit</span> <span class='ocrx_word' id='word_1_100' title='bbox 521 1939 615 2013; x_wconf 89' lang='lat' dir='ltr'>pater</span> <span class='ocrx_word' id='word_1_101' title='bbox 630 1928 693 2007; x_wconf 89' lang='lat' dir='ltr'>bis,</span> <span class='ocrx_word' id='word_1_102' title='bbox 706 1927 763 2012; x_wconf 91' lang='lat' dir='ltr'>qui</span> <span class='ocrx_word' id='word_1_103' title='bbox 778 1949 886 1993; x_wconf 88' lang='lat' dir='ltr'>macro</span> <span class='ocrx_word' id='word_1_104' title='bbox 902 1950 1029 2013; x_wconf 79' lang='lat' dir='ltr'>pauper</span> <span class='ocrx_word' id='word_1_105' title='bbox 1042 1926 1147 2013; x_wconf 83' lang='lat' dir='ltr'>agello</span> 
     </span>
     <span class='ocr_line' id='line_1_15' title="bbox 322 2028 1080 2116; baseline -0.003 -19"><span class='ocrx_word' id='word_1_106' title='bbox 322 2032 440 2097; x_wconf 88' lang='lat' dir='ltr'>Noluit</span> <span class='ocrx_word' id='word_1_107' title='bbox 455 2032 488 2095; x_wconf 92' lang='lat' dir='ltr'>in</span> <span class='ocrx_word' id='word_1_108' title='bbox 504 2028 597 2095; x_wconf 87' lang='lat' dir='ltr'>Flavi</span> <span class='ocrx_word' id='word_1_109' title='bbox 607 2029 721 2095; x_wconf 92' lang='lat' dir='ltr'>ludum</span> <span class='ocrx_word' id='word_1_110' title='bbox 736 2052 787 2094; x_wconf 90' lang='lat' dir='ltr'>me</span> <span class='ocrx_word' id='word_1_111' title='bbox 801 2030 948 2109; x_wconf 88' lang='lat' dir='ltr'>mittere;</span> <span class='ocrx_word' id='word_1_112' title='bbox 970 2033 1080 2116; x_wconf 80' lang='lat' dir='ltr'>magni</span> 
     </span>
     <span class='ocr_line' id='line_1_16' title="bbox 324 2133 1046 2219; baseline -0.003 -20"><span class='ocrx_word' id='word_1_113' title='bbox 324 2137 402 2210; x_wconf 86' lang='lat' dir='ltr'>Quo</span> <span class='ocrx_word' id='word_1_114' title='bbox 415 2134 521 2219; x_wconf 92' lang='lat' dir='ltr'>pueri,</span> <span class='ocrx_word' id='word_1_115' title='bbox 537 2134 662 2219; x_wconf 83' lang='lat' dir='ltr'>magnis</span> <span class='ocrx_word' id='word_1_116' title='bbox 677 2154 696 2197; x_wconf 91' lang='lat' dir='ltr'>e</span> <span class='ocrx_word' id='word_1_117' title='bbox 711 2133 956 2198; x_wconf 83' lang='lat' dir='ltr'>centurionibus</span> <span class='ocrx_word' id='word_1_118' title='bbox 971 2135 1046 2210; x_wconf 93' lang='lat' dir='ltr'>orti,</span> 
     </span>
    </p>

    <p class='ocr_par' dir='ltr' id='par_1_8' title="bbox 324 2232 1088 2321">
     <span class='ocr_line' id='line_1_17' title="bbox 324 2232 1088 2321; baseline -0.005 -19"><span class='ocrx_word' id='word_1_119' title='bbox 324 2236 424 2302; x_wconf 87' lang='lat' dir='ltr'>Laevo</span> <span class='ocrx_word' id='word_1_120' title='bbox 439 2236 590 2321; x_wconf 86' lang='lat' dir='ltr'>suspensi</span> <span class='ocrx_word' id='word_1_121' title='bbox 603 2234 727 2300; x_wconf 86' lang='lat' dir='ltr'>loculos</span> <span class='ocrx_word' id='word_1_122' title='bbox 742 2232 951 2319; x_wconf 87' lang='lat' dir='ltr'>tabulamque</span> <span class='ocrx_word' id='word_1_123' title='bbox 964 2234 1088 2299; x_wconf 82' lang='lat' dir='ltr'>lacerto</span> 
     </span>
    </p>

    <p class='ocr_par' dir='ltr' id='par_1_9' title="bbox 259 2336 1224 2627">
     <span class='ocr_line' id='line_1_18' title="bbox 259 2336 985 2415; baseline -0.007 -11"><span class='ocrx_word' id='word_1_124' title='bbox 259 2341 302 2404; x_wconf 78' lang='lat'>75</span> <span class='ocrx_word' id='word_1_125' title='bbox 323 2340 420 2404; x_wconf 85' lang='lat' dir='ltr'>ibant</span> <span class='ocrx_word' id='word_1_126' title='bbox 435 2339 560 2404; x_wconf 89' lang='lat' dir='ltr'>octonis</span> <span class='ocrx_word' id='word_1_127' title='bbox 576 2336 754 2403; x_wconf 86' lang='lat' dir='ltr'>referentes</span> <span class='ocrx_word' id='word_1_128' title='bbox 770 2337 885 2402; x_wconf 90' lang='lat' dir='ltr'>Idibus</span> <span class='ocrx_word' id='word_1_129' title='bbox 901 2358 985 2415; x_wconf 82' lang='lat' dir='ltr'>aera3</span> 
     </span>
     <span class='ocr_line' id='line_1_19' title="bbox 324 2438 1224 2525; baseline -0.002 -20"><span class='ocrx_word' id='word_1_130' title='bbox 324 2440 392 2505; x_wconf 88' lang='lat' dir='ltr'>Sed</span> <span class='ocrx_word' id='word_1_131' title='bbox 405 2462 543 2525; x_wconf 90' lang='lat' dir='ltr'>puerum</span> <span class='ocrx_word' id='word_1_132' title='bbox 558 2450 609 2504; x_wconf 89' lang='lat' dir='ltr'>est</span> <span class='ocrx_word' id='word_1_133' title='bbox 623 2462 722 2503; x_wconf 91' lang='lat' dir='ltr'>ausus</span> <span class='ocrx_word' id='word_1_134' title='bbox 738 2438 878 2503; x_wconf 80' lang='lat' dir='ltr'>Romam</span> <span class='ocrx_word' id='word_1_135' title='bbox 892 2449 1025 2523; x_wconf 87' lang='lat' dir='ltr'>portare</span> <span class='ocrx_word' id='word_1_136' title='bbox 1040 2438 1224 2506; x_wconf 90' lang='lat' dir='ltr'>docendum</span> 
     </span>
     <span class='ocr_line' id='line_1_20' title="bbox 323 2541 1163 2627; baseline -0.001 -20"><span class='ocrx_word' id='word_1_137' title='bbox 323 2541 436 2620; x_wconf 87' lang='lat' dir='ltr'>Artes,</span> <span class='ocrx_word' id='word_1_138' title='bbox 452 2564 533 2627; x_wconf 90' lang='lat' dir='ltr'>quas</span> <span class='ocrx_word' id='word_1_139' title='bbox 549 2541 666 2607; x_wconf 88' lang='lat' dir='ltr'>doceat</span> <span class='ocrx_word' id='word_1_140' title='bbox 680 2542 785 2625; x_wconf 90' lang='lat' dir='ltr'>quivis</span> <span class='ocrx_word' id='word_1_141' title='bbox 801 2562 902 2625; x_wconf 88' lang='lat' dir='ltr'>eques</span> <span class='ocrx_word' id='word_1_142' title='bbox 917 2550 1016 2625; x_wconf 85' lang='lat' dir='ltr'>atque</span> <span class='ocrx_word' id='word_1_143' title='bbox 1032 2552 1163 2606; x_wconf 87' lang='lat' dir='ltr'>senator</span> 
     </span>
    </p>
   </div>
   <div class='ocr_carea' id='block_1_3' title="bbox 237 2726 1390 3183">
    <p class='ocr_par' dir='ltr' id='par_1_10' title="bbox 237 2726 1390 3183">
     <span class='ocr_line' id='line_1_21' title="bbox 237 2726 1390 2785; baseline 0.003 -9"><span class='ocrx_word' id='word_1_144' title='bbox 237 2726 374 2785; x_wconf 78' lang='lat' dir='ltr'>ambitione,</span> <span class='ocrx_word' id='word_1_145' title='bbox 387 2728 412 2777; x_wconf 88' lang='lat' dir='ltr'>b.</span> <span class='ocrx_word' id='word_1_146' title='bbox 425 2745 448 2778; x_wconf 87' lang='lat' dir='ltr'>e.</span> <span class='ocrx_word' id='word_1_147' title='bbox 463 2728 608 2784; x_wconf 86' lang='lat' dir='ltr'>adulatione,</span> <span class='ocrx_word' id='word_1_148' title='bbox 623 2728 738 2782; x_wconf 85' lang='lat' dir='ltr'>alienum,</span> <span class='ocrx_word' id='word_1_149' title='bbox 757 2742 796 2775; x_wconf 84' lang='lat' dir='ltr'>as·</span> <span class='ocrx_word' id='word_1_150' title='bbox 828 2726 938 2778; x_wconf 87' lang='lat' dir='ltr'>homines</span> <span class='ocrx_word' id='word_1_151' title='bbox 951 2730 1049 2777; x_wconf 78' lang='lat' dir='ltr'>sordidi.</span> <span class='ocrx_word' id='word_1_152' title='bbox 1081 2730 1130 2777; x_wconf 80' lang='lat' dir='ltr'>Aut</span> <span class='ocrx_word' id='word_1_153' title='bbox 1141 2730 1203 2777; x_wconf 85' lang='lat' dir='ltr'>molo</span> <span class='ocrx_word' id='word_1_154' title='bbox 1214 2730 1303 2778; x_wconf 67' lang='lat' dir='ltr'>lusus:</span> <span class='ocrx_word' id='word_1_155' title='bbox 1319 2731 1390 2781; x_wconf 88' lang='lat' dir='ltr'>intel·</span> 
     </span>
     <span class='ocr_line' id='line_1_22' title="bbox 238 2790 1390 2869; baseline 0.003 -26"><span class='ocrx_word' id='word_1_156' title='bbox 238 2808 329 2859; x_wconf 70' lang='lat' dir='ltr'>sumas.</span> <span class='ocrx_word' id='word_1_157' title='bbox 372 2793 487 2843; x_wconf 75' lang='lat' dir='ltr'>Amicitia</span> <span class='ocrx_word' id='word_1_158' title='bbox 513 2792 611 2868; x_wconf 36' lang='lat' dir='ltr'>scilicet.</span> <span class='ocrx_word' id='word_1_159' title='bbox 632 2794 684 2843; x_wconf 90' lang='lat' dir='ltr'>sola</span> <span class='ocrx_word' id='word_1_160' title='bbox 709 2792 797 2841; x_wconf 86' lang='lat' dir='ltr'>virtute</span> <span class='ocrx_word' id='word_1_161' title='bbox 828 2790 877 2857; x_wconf 81' lang='lat' dir='ltr'>lige</span> <span class='ocrx_word' id='word_1_162' title='bbox 896 2794 956 2867; x_wconf 45' lang='lat' dir='ltr'>loca„</span> <span class='ocrx_word' id='word_1_163' title='bbox 969 2791 1096 2867; x_wconf 74' lang='lat' dir='ltr'>latebrosa,</span> <span class='ocrx_word' id='word_1_164' title='bbox 1117 2801 1146 2841; x_wconf 91' lang='lat' dir='ltr'>ut</span> <span class='ocrx_word' id='word_1_165' title='bbox 1163 2793 1268 2869; x_wconf 72' lang='lat' dir='ltr'>loquitar</span> <span class='ocrx_word' id='word_1_166' title='bbox 1287 2796 1390 2846; x_wconf 84' lang='lat' dir='ltr'>Plautus</span> 
     </span>
     <span class='ocr_line' id='line_1_23' title="bbox 237 2856 1389 2988; baseline 0.005 -19"><span class='ocrx_word' id='word_1_167' title='bbox 237 2856 624 2988; x_wconf 62' lang='lat' dir='ltr'>tilitr‘ttb‘tttttfftt</span> <span class='ocrx_word' id='word_1_168' title='bbox 641 2858 796 2971; x_wconf 54' lang='lat' dir='ltr'>didi:</span> <span class='ocrx_word' id='word_1_169' title='bbox 828 2856 1389 2988; x_wconf 44' lang='grc' dir='ltr'>666ιῖ6666ῗῇῗέἓῖῗὲῗὸῆἵῗᾷ</span> 
     </span>
     <span class='ocr_line' id='line_1_24' title="bbox 237 2986 1390 3054; baseline 0.003 -21"><span class='ocrx_word' id='word_1_170' title='bbox 237 2994 303 3035; x_wconf 73' lang='lat' dir='ltr'>tunes</span> <span class='ocrx_word' id='word_1_171' title='bbox 323 2986 403 3036; x_wconf 84' lang='lat' dir='ltr'>lavore</span> <span class='ocrx_word' id='word_1_172' title='bbox 421 2986 513 3052; x_wconf 87' lang='lat' dir='ltr'>aliquid</span> <span class='ocrx_word' id='word_1_173' title='bbox 532 2988 643 3051; x_wconf 77' lang='lat' dir='ltr'>obtingit,</span> <span class='ocrx_word' id='word_1_174' title='bbox 662 3002 736 3052; x_wconf 81' lang='lat' dir='ltr'>quem</span> <span class='ocrx_word' id='word_1_175' title='bbox 756 2986 794 3042; x_wconf 90' lang='lat' dir='ltr'>iis,</span> <span class='ocrx_word' id='word_1_176' title='bbox 827 2996 849 3033; x_wconf 85' lang='lat' dir='ltr'>et</span> <span class='ocrx_word' id='word_1_177' title='bbox 857 2989 943 3042; x_wconf 79' lang='lat' dir='ltr'>issem,</span> <span class='ocrx_word' id='word_1_178' title='bbox 952 2995 1009 3036; x_wconf 88' lang='lat' dir='ltr'>cett.</span> <span class='ocrx_word' id='word_1_179' title='bbox 1014 2986 1136 3052; x_wconf 71' lang='lat' dir='ltr'>jungens*</span> <span class='ocrx_word' id='word_1_180' title='bbox 1146 3004 1221 3050; x_wconf 76' lang='lat' dir='ltr'>passis</span> <span class='ocrx_word' id='word_1_181' title='bbox 1228 2998 1251 3036; x_wconf 91' lang='lat' dir='ltr'>et</span> <span class='ocrx_word' id='word_1_182' title='bbox 1262 2992 1337 3037; x_wconf 79' lang='lat' dir='ltr'>insons</span> <span class='ocrx_word' id='word_1_183' title='bbox 1346 2993 1360 3054; x_wconf 85' lang='lat'><em>(</em></span> <span class='ocrx_word' id='word_1_184' title='bbox 1362 3001 1390 3043; x_wconf 78' lang='lat' dir='ltr'>ur</span> 
     </span>
     <span class='ocr_line' id='line_1_25' title="bbox 256 3049 1389 3116; baseline 0.005 -18"><span class='ocrx_word' id='word_1_185' title='bbox 256 3050 279 3098; x_wconf 91' lang='lat' dir='ltr'>ui</span> <span class='ocrx_word' id='word_1_186' title='bbox 290 3050 429 3100; x_wconf 76' lang='lat' dir='ltr'>felicitatem</span> <span class='ocrx_word' id='word_1_187' title='bbox 439 3066 507 3100; x_wconf 87' lang='lat' dir='ltr'>suam</span> <span class='ocrx_word' id='word_1_188' title='bbox 518 3052 600 3101; x_wconf 88' lang='lat' dir='ltr'>virtuti</span> <span class='ocrx_word' id='word_1_189' title='bbox 610 3061 635 3102; x_wconf 89' lang='lat' dir='ltr'>et</span> <span class='ocrx_word' id='word_1_190' title='bbox 646 3051 735 3101; x_wconf 86' lang='lat' dir='ltr'>meritis</span> <span class='ocrx_word' id='word_1_191' title='bbox 745 3049 797 3116; x_wconf 78' lang='lat' dir='ltr'>spis</span> <span class='ocrx_word' id='word_1_192' title='bbox 828 3066 862 3097; x_wconf 84' lang='lat' dir='ltr'>use</span> <span class='ocrx_word' id='word_1_193' title='bbox 871 3052 1015 3111; x_wconf 75' lang='lat' dir='ltr'>collaudem)</span> <span class='ocrx_word' id='word_1_194' title='bbox 1026 3061 1049 3099; x_wconf 89' lang='lat' dir='ltr'>et</span> <span class='ocrx_word' id='word_1_195' title='bbox 1059 3069 1128 3099; x_wconf 85' lang='lat' dir='ltr'>corus</span> <span class='ocrx_word' id='word_1_196' title='bbox 1137 3055 1218 3100; x_wconf 86' lang='lat' dir='ltr'>amicis</span> <span class='ocrx_word' id='word_1_197' title='bbox 1228 3054 1287 3101; x_wconf 84' lang='lat' dir='ltr'>uiuo.</span> <span class='ocrx_word' id='word_1_198' title='bbox 1312 3054 1389 3105; x_wconf 81' lang='lat' dir='ltr'>Causa</span> 
     </span>
     <span class='ocr_line' id='line_1_26' title="bbox 237 3065 1390 3183; baseline 0.003 -22"><span class='ocrx_word' id='word_1_199' title='bbox 237 3065 333 3165; x_wconf 82' lang='lat' dir='ltr'>debent.</span> <span class='ocrx_word' id='word_1_200' title='bbox 352 3116 437 3174; x_wconf 79' lang='lat' dir='ltr'>l&#39;orsit,</span> <span class='ocrx_word' id='word_1_201' title='bbox 446 3132 491 3164; x_wconf 85' lang='lat' dir='ltr'>vos</span> <span class='ocrx_word' id='word_1_202' title='bbox 504 3116 657 3173; x_wconf 81' lang='lat' dir='ltr'>Lucretiam,</span> <span class='ocrx_word' id='word_1_203' title='bbox 666 3132 717 3181; x_wconf 92' lang='lat' dir='ltr'>pro,</span> <span class='ocrx_word' id='word_1_204' title='bbox 728 3115 796 3165; x_wconf 81' lang='lat' dir='ltr'>sorsi-</span> <span class='ocrx_word' id='word_1_205' title='bbox 821 3116 878 3180; x_wconf 89' lang='lat' dir='ltr'>fuit</span> <span class='ocrx_word' id='word_1_206' title='bbox 888 3126 956 3177; x_wconf 82' lang='lat' dir='ltr'>poter</span> <span class='ocrx_word' id='word_1_207' title='bbox 966 3117 1011 3171; x_wconf 82' lang='lat' dir='ltr'>liis,</span> <span class='ocrx_word' id='word_1_208' title='bbox 1023 3115 1053 3163; x_wconf 89' lang='lat' dir='ltr'>iis</span> <span class='ocrx_word' id='word_1_209' title='bbox 1064 3132 1119 3179; x_wconf 75' lang='lat' dir='ltr'>que</span> <span class='ocrx_word' id='word_1_210' title='bbox 1135 3116 1165 3165; x_wconf 89' lang='lat' dir='ltr'>de</span> <span class='ocrx_word' id='word_1_211' title='bbox 1179 3132 1218 3166; x_wconf 87' lang='lat' dir='ltr'>me</span> <span class='ocrx_word' id='word_1_212' title='bbox 1230 3116 1311 3174; x_wconf 87' lang='lat' dir='ltr'>laudo,</span> <span class='ocrx_word' id='word_1_213' title='bbox 1323 3128 1390 3183; x_wconf 78' lang='lat' dir='ltr'>peter</span> 
     </span>
    </p>
   </div>
   <div class='ocr_carea' id='block_1_4' title="bbox 238 3180 1390 3293">
    <p class='ocr_par' dir='ltr' id='par_1_11' title="bbox 238 3180 1390 3293">
     <span class='ocr_line' id='line_1_27' title="bbox 238 3180 1390 3293; baseline -0.003 -66"><span class='ocrx_word' id='word_1_214' title='bbox 238 3186 290 3227; x_wconf 85' lang='lat' dir='ltr'>tau.</span> <span class='ocrx_word' id='word_1_215' title='bbox 323 3181 422 3292; x_wconf 50' lang='lat' dir='ltr'>Dignos,</span> <span class='ocrx_word' id='word_1_216' title='bbox 439 3196 474 3229; x_wconf 89' lang='lat' dir='ltr'>sc.</span> <span class='ocrx_word' id='word_1_217' title='bbox 491 3180 611 3243; x_wconf 83' lang='lat' dir='ltr'>amicitia;</span> <span class='ocrx_word' id='word_1_218' title='bbox 630 3197 685 3229; x_wconf 86' lang='lat' dir='ltr'>nam</span> <span class='ocrx_word' id='word_1_219' title='bbox 704 3182 798 3245; x_wconf 85' lang='lat' dir='ltr'>quotics</span> <span class='ocrx_word' id='word_1_220' title='bbox 829 3190 913 3228; x_wconf 80' lang='lat' dir='ltr'>auctor</span> <span class='ocrx_word' id='word_1_221' title='bbox 928 3180 1023 3238; x_wconf 85' lang='lat' dir='ltr'>extitit;</span> <span class='ocrx_word' id='word_1_222' title='bbox 1039 3198 1116 3232; x_wconf 81' lang='lat' dir='ltr'>mucro</span> <span class='ocrx_word' id='word_1_223' title='bbox 1130 3197 1220 3255; x_wconf 81' lang='lat' dir='ltr'>pauper</span> <span class='ocrx_word' id='word_1_224' title='bbox 1235 3184 1320 3293; x_wconf 66' lang='lat' dir='ltr'>apello,</span> <span class='ocrx_word' id='word_1_225' title='bbox 1334 3200 1390 3249; x_wconf 89' lang='lat' dir='ltr'>pos.</span> 
     </span>
    </p>
   </div>
   <div class='ocr_carea' id='block_1_5' title="bbox 237 3244 1393 4795">
    <p class='ocr_par' dir='ltr' id='par_1_12' title="bbox 237 3244 1392 3438">
     <span class='ocr_line' id='line_1_28' title="bbox 238 3244 1389 3317; baseline 0.004 -27"><span class='ocrx_word' id='word_1_226' title='bbox 238 3244 358 3317; x_wconf 30' lang='lat' dir='ltr'>dignusne</span> <span class='ocrx_word' id='word_1_227' title='bbox 375 3244 452 3295; x_wconf 88' lang='lat' dir='ltr'>solute</span> <span class='ocrx_word' id='word_1_228' title='bbox 471 3244 573 3311; x_wconf 83' lang='lat' dir='ltr'>ponitur,</span> <span class='ocrx_word' id='word_1_229' title='bbox 592 3245 663 3295; x_wconf 85' lang='lat' dir='ltr'>toties</span> <span class='ocrx_word' id='word_1_230' title='bbox 682 3260 728 3303; x_wconf 88' lang='lat' dir='ltr'>res,</span> <span class='ocrx_word' id='word_1_231' title='bbox 748 3261 798 3310; x_wconf 89' lang='lat' dir='ltr'>qus</span> <span class='ocrx_word' id='word_1_232' title='bbox 828 3258 907 3292; x_wconf 79' lang='lat' dir='ltr'>sessor</span> <span class='ocrx_word' id='word_1_233' title='bbox 922 3244 1005 3309; x_wconf 80' lang='lat' dir='ltr'>exigui</span> <span class='ocrx_word' id='word_1_234' title='bbox 1021 3244 1090 3293; x_wconf 80' lang='lat' dir='ltr'>fundi</span> <span class='ocrx_word' id='word_1_235' title='bbox 1106 3260 1120 3293; x_wconf 91' lang='lat' dir='ltr'>o</span> <span class='ocrx_word' id='word_1_236' title='bbox 1138 3254 1234 3310; x_wconf 74' lang='lat' dir='ltr'>ponitur</span> <span class='ocrx_word' id='word_1_237' title='bbox 1260 3246 1389 3297; x_wconf 62' lang='lat' dir='ltr'>atiiuudio,</span> 
     </span>
     <span class='ocr_line' id='line_1_29' title="bbox 256 3306 1392 3377; baseline 0.007 -23"><span class='ocrx_word' id='word_1_238' title='bbox 256 3323 293 3355; x_wconf 89' lang='lat' dir='ltr'>ms</span> <span class='ocrx_word' id='word_1_239' title='bbox 313 3306 401 3372; x_wconf 77' lang='lat' dir='ltr'>dignus</span> <span class='ocrx_word' id='word_1_240' title='bbox 419 3318 465 3366; x_wconf 88' lang='lat' dir='ltr'>est,</span> <span class='ocrx_word' id='word_1_241' title='bbox 483 3325 513 3359; x_wconf 86' lang='lat' dir='ltr'>es</span> <span class='ocrx_word' id='word_1_242' title='bbox 533 3309 594 3360; x_wconf 86' lang='lat' dir='ltr'>serie</span> <span class='ocrx_word' id='word_1_243' title='bbox 610 3308 723 3360; x_wconf 76' lang='lat' dir='ltr'>emtionis</span> <span class='ocrx_word' id='word_1_244' title='bbox 739 3325 796 3377; x_wconf 90' lang='lat' dir='ltr'>sup·</span> <span class='ocrx_word' id='word_1_245' title='bbox 828 3323 881 3356; x_wconf 85' lang='lat' dir='ltr'>rum</span> <span class='ocrx_word' id='word_1_246' title='bbox 894 3310 1078 3374; x_wconf 76' lang='lat' dir='ltr'>pomemoribus,</span> <span class='ocrx_word' id='word_1_247' title='bbox 1127 3310 1392 3363; x_wconf 78' lang='lat' dir='ltr'>uFlooiiuduurt&#39;uit</span> 
     </span>
     <span class='ocr_line' id='line_1_30' title="bbox 237 3371 1388 3438; baseline 0.005 -18"><span class='ocrx_word' id='word_1_248' title='bbox 237 3371 381 3438; x_wconf 86' lang='lat' dir='ltr'>pendaest.</span> <span class='ocrx_word' id='word_1_249' title='bbox 829 3372 901 3435; x_wconf 81' lang='lat' dir='ltr'>igitur</span> <span class='ocrx_word' id='word_1_250' title='bbox 924 3372 1024 3422; x_wconf 84' lang='lat' dir='ltr'>Flavius</span> <span class='ocrx_word' id='word_1_251' title='bbox 1051 3373 1127 3423; x_wconf 90' lang='lat' dir='ltr'>ludim</span> <span class='ocrx_word' id='word_1_252' title='bbox 1158 3374 1215 3423; x_wconf 86' lang='lat' dir='ltr'>’ter</span> <span class='ocrx_word' id='word_1_253' title='bbox 1238 3375 1388 3435; x_wconf 80' lang='lat' dir='ltr'>Venusinus,</span> 
     </span>
    </p>

    <p class='ocr_par' dir='ltr' id='par_1_13' title="bbox 239 3436 1391 3761">
     <span class='ocr_line' id='line_1_31' title="bbox 271 3436 1390 3503; baseline 0.002 -18"><span class='ocrx_word' id='word_1_254' title='bbox 271 3438 377 3486; x_wconf 77' lang='lat'><strong>62-55.</strong></span> <span class='ocrx_word' id='word_1_255' title='bbox 396 3436 448 3486; x_wconf 86' lang='lat' dir='ltr'>Nou</span> <span class='ocrx_word' id='word_1_256' title='bbox 463 3438 511 3494; x_wconf 84' lang='lat' dir='ltr'>hoc,</span> <span class='ocrx_word' id='word_1_257' title='bbox 530 3453 577 3487; x_wconf 87' lang='lat' dir='ltr'>non</span> <span class='ocrx_word' id='word_1_258' title='bbox 596 3436 665 3486; x_wconf 87' lang='lat' dir='ltr'>ideo:</span> <span class='ocrx_word' id='word_1_259' title='bbox 683 3437 715 3487; x_wconf 89' lang='lat' dir='ltr'>cl.</span> <span class='ocrx_word' id='word_1_260' title='bbox 727 3438 758 3487; x_wconf 88' lang='lat' dir='ltr'>ad</span> <span class='ocrx_word' id='word_1_261' title='bbox 772 3455 797 3489; x_wconf 85' lang='lat' dir='ltr'>s.</span> <span class='ocrx_word' id='word_1_262' title='bbox 829 3436 872 3502; x_wconf 91' lang='lat' dir='ltr'>qui</span> <span class='ocrx_word' id='word_1_263' title='bbox 882 3453 967 3503; x_wconf 88' lang='lat' dir='ltr'>pueros</span> <span class='ocrx_word' id='word_1_264' title='bbox 976 3438 1002 3485; x_wconf 91' lang='lat' dir='ltr'>in</span> <span class='ocrx_word' id='word_1_265' title='bbox 1012 3438 1135 3487; x_wconf 87' lang='lat' dir='ltr'>subducen</span> <span class='ocrx_word' id='word_1_266' title='bbox 1153 3439 1390 3491; x_wconf 66' lang='lat' dir='ltr'>inculcationem,</span> 
     </span>
     <span class='ocr_line' id='line_1_32' title="bbox 239 3499 1390 3567; baseline 0.007 -20"><span class='ocrx_word' id='word_1_267' title='bbox 239 3502 281 3549; x_wconf 79' lang='lat'>41.</span> <span class='ocrx_word' id='word_1_268' title='bbox 317 3500 368 3549; x_wconf 78' lang='lat' dir='ltr'>Tibi</span> <span class='ocrx_word' id='word_1_269' title='bbox 383 3517 426 3560; x_wconf 87' lang='lat' dir='ltr'>ms,</span> <span class='ocrx_word' id='word_1_270' title='bbox 444 3499 527 3551; x_wconf 87' lang='lat' dir='ltr'>Bentl.</span> <span class='ocrx_word' id='word_1_271' title='bbox 537 3510 604 3551; x_wconf 86' lang='lat' dir='ltr'>vetus</span> <span class='ocrx_word' id='word_1_272' title='bbox 615 3502 686 3551; x_wconf 89' lang='lat' dir='ltr'>lectio</span> <span class='ocrx_word' id='word_1_273' title='bbox 699 3504 756 3551; x_wconf 82' lang='lat' dir='ltr'>mibi</span> <span class='ocrx_word' id='word_1_274' title='bbox 767 3513 797 3551; x_wconf 85' lang='lat' dir='ltr'>te.</span> <span class='ocrx_word' id='word_1_275' title='bbox 829 3510 874 3549; x_wconf 86' lang='lat' dir='ltr'>ret.</span> <span class='ocrx_word' id='word_1_276' title='bbox 907 3502 992 3566; x_wconf 80' lang='lat' dir='ltr'>Magni</span> <span class='ocrx_word' id='word_1_277' title='bbox 1001 3504 1190 3567; x_wconf 81' lang='lat' dir='ltr'>pueri-moguis</span> <span class='ocrx_word' id='word_1_278' title='bbox 1202 3507 1390 3555; x_wconf 81' lang='lat' dir='ltr'>centurionibus.-</span> 
     </span>
     <span class='ocr_line' id='line_1_33' title="bbox 241 3564 1390 3639; baseline 0.006 -27"><span class='ocrx_word' id='word_1_279' title='bbox 241 3565 295 3613; x_wconf 86' lang='lat' dir='ltr'>Post</span> <span class='ocrx_word' id='word_1_280' title='bbox 310 3566 372 3615; x_wconf 81' lang='lat' dir='ltr'>hune</span> <span class='ocrx_word' id='word_1_281' title='bbox 391 3566 488 3615; x_wconf 85' lang='lat' dir='ltr'>Varius.-</span> <span class='ocrx_word' id='word_1_282' title='bbox 509 3566 540 3616; x_wconf 90' lang='lat' dir='ltr'>de</span> <span class='ocrx_word' id='word_1_283' title='bbox 558 3566 628 3614; x_wconf 81' lang='lat' dir='ltr'>Vario</span> <span class='ocrx_word' id='word_1_284' title='bbox 647 3567 680 3615; x_wconf 85' lang='lat' dir='ltr'>cl.</span> <span class='ocrx_word' id='word_1_285' title='bbox 696 3582 750 3632; x_wconf 88' lang='lat' dir='ltr'>sup.</span> <span class='ocrx_word' id='word_1_286' title='bbox 767 3566 798 3615; x_wconf 85' lang='lat' dir='ltr'>ad</span> <span class='ocrx_word' id='word_1_287' title='bbox 830 3564 908 3639; x_wconf 91' lang='lat' dir='ltr'>lepide</span> <span class='ocrx_word' id='word_1_288' title='bbox 924 3575 949 3615; x_wconf 85' lang='lat' dir='ltr'>et</span> <span class='ocrx_word' id='word_1_289' title='bbox 963 3566 1027 3616; x_wconf 87' lang='lat' dir='ltr'>salse</span> <span class='ocrx_word' id='word_1_290' title='bbox 1042 3566 1156 3616; x_wconf 86' lang='lat' dir='ltr'>Horatius</span> <span class='ocrx_word' id='word_1_291' title='bbox 1169 3567 1318 3616; x_wconf 75' lang='lat' dir='ltr'>centuriones</span> <span class='ocrx_word' id='word_1_292' title='bbox 1333 3585 1390 3619; x_wconf 88' lang='lat' dir='ltr'>cum</span> 
     </span>
     <span class='ocr_line' id='line_1_34' title="bbox 240 3628 1391 3697; baseline 0.003 -17"><span class='ocrx_word' id='word_1_293' title='bbox 240 3628 288 3679; x_wconf 86' lang='lat' dir='ltr'>0d.</span> <span class='ocrx_word' id='word_1_294' title='bbox 304 3630 321 3684; x_wconf 87' lang='lat' dir='ltr'>i,</span> <span class='ocrx_word' id='word_1_295' title='bbox 338 3632 362 3686; x_wconf 87' lang='grc'>6,</span> <span class='ocrx_word' id='word_1_296' title='bbox 380 3632 403 3679; x_wconf 91' lang='lat' dir='ltr'>l.</span> <span class='ocrx_word' id='word_1_297' title='bbox 437 3632 501 3685; x_wconf 82' lang='lat' dir='ltr'>Quid</span> <span class='ocrx_word' id='word_1_298' title='bbox 515 3648 590 3688; x_wconf 77' lang='lat' dir='ltr'>euers,</span> <span class='ocrx_word' id='word_1_299' title='bbox 609 3631 689 3695; x_wconf 83' lang='lat' dir='ltr'>qualis</span> <span class='ocrx_word' id='word_1_300' title='bbox 705 3646 797 3693; x_wconf 79' lang='lat' dir='ltr'>essem3</span> <span class='ocrx_word' id='word_1_301' title='bbox 830 3628 885 3677; x_wconf 79' lang='lat' dir='ltr'>tiliis</span> <span class='ocrx_word' id='word_1_302' title='bbox 897 3632 949 3679; x_wconf 90' lang='lat' dir='ltr'>suis</span> <span class='ocrx_word' id='word_1_303' title='bbox 959 3631 1342 3697; x_wconf 79' lang='lat' dir='ltr'>magnosvocat,quamvismsgni</span> <span class='ocrx_word' id='word_1_304' title='bbox 1353 3635 1391 3689; x_wconf 87' lang='lat' dir='ltr'>illi</span> 
     </span>
     <span class='ocr_line' id='line_1_35' title="bbox 239 3693 1391 3761; baseline 0.006 -20"><span class='ocrx_word' id='word_1_305' title='bbox 239 3693 274 3743; x_wconf 90' lang='lat' dir='ltr'>sic</span> <span class='ocrx_word' id='word_1_306' title='bbox 285 3710 309 3743; x_wconf 82' lang='lat' dir='ltr'>v.</span> <span class='ocrx_word' id='word_1_307' title='bbox 320 3694 501 3759; x_wconf 69' lang='lat' dir='ltr'>ecquodnam.</span> <span class='ocrx_word' id='word_1_308' title='bbox 829 3694 875 3743; x_wconf 90' lang='lat' dir='ltr'>viri</span> <span class='ocrx_word' id='word_1_309' title='bbox 884 3694 947 3743; x_wconf 87' lang='lat' dir='ltr'>filios</span> <span class='ocrx_word' id='word_1_310' title='bbox 955 3710 1011 3744; x_wconf 87' lang='lat' dir='ltr'>suos</span> <span class='ocrx_word' id='word_1_311' title='bbox 1017 3695 1122 3760; x_wconf 72' lang='lat' dir='ltr'>vulgaris</span> <span class='ocrx_word' id='word_1_312' title='bbox 1130 3704 1225 3743; x_wconf 74' lang='lat' dir='ltr'>mutum</span> <span class='ocrx_word' id='word_1_313' title='bbox 1233 3695 1391 3761; x_wconf 77' lang='lat' dir='ltr'>ludimagistri</span> 
     </span>
    </p>

    <p class='ocr_par' dir='ltr' id='par_1_14' title="bbox 238 3756 1393 4795">
     <span class='ocr_line' id='line_1_36' title="bbox 271 3756 1389 3872; baseline 0.004 -65"><span class='ocrx_word' id='word_1_314' title='bbox 271 3760 378 3833; x_wconf 55' lang='lat' dir='ltr'>¹blatii.</span> <span class='ocrx_word' id='word_1_315' title='bbox 395 3760 504 3834; x_wconf 71' lang='lat' dir='ltr'>Suaviter</span> <span class='ocrx_word' id='word_1_316' title='bbox 519 3762 595 3834; x_wconf 67' lang='lat' dir='ltr'>pudor</span> <span class='ocrx_word' id='word_1_317' title='bbox 608 3756 696 3807; x_wconf 88' lang='lat' dir='ltr'>dicitur</span> <span class='ocrx_word' id='word_1_318' title='bbox 709 3760 797 3872; x_wconf 44' lang='lat' dir='ltr'>ipsus,</span> <span class='ocrx_word' id='word_1_319' title='bbox 830 3757 966 3825; x_wconf 73' lang='lat' dir='ltr'>disciplina</span> <span class='ocrx_word' id='word_1_320' title='bbox 986 3760 1128 3819; x_wconf 81' lang='lat' dir='ltr'>tradebant3</span> <span class='ocrx_word' id='word_1_321' title='bbox 1154 3768 1180 3809; x_wconf 89' lang='lat' dir='ltr'>at</span> <span class='ocrx_word' id='word_1_322' title='bbox 1198 3760 1293 3810; x_wconf 87' lang='lat' dir='ltr'>Horatii</span> <span class='ocrx_word' id='word_1_323' title='bbox 1313 3772 1389 3827; x_wconf 86' lang='lat' dir='ltr'>pater,</span> 
     </span>
     <span class='ocr_line' id='line_1_37' title="bbox 238 3822 1392 3953; baseline 0.008 -20"><span class='ocrx_word' id='word_1_324' title='bbox 238 3822 704 3953; x_wconf 53' lang='lat' dir='ltr'>ididoiiiigidddbdiibceioibn-siibdib:</span> <span class='ocrx_word' id='word_1_325' title='bbox 716 3889 798 3939; x_wconf 88' lang='lat' dir='ltr'>Schol.</span> <span class='ocrx_word' id='word_1_326' title='bbox 829 3886 970 3943; x_wconf 85' lang='lat' dir='ltr'>deductum,</span> <span class='ocrx_word' id='word_1_327' title='bbox 989 3888 1014 3937; x_wconf 92' lang='lat' dir='ltr'>in</span> <span class='ocrx_word' id='word_1_328' title='bbox 1034 3888 1159 3937; x_wconf 83' lang='lat' dir='ltr'>altioribus</span> <span class='ocrx_word' id='word_1_329' title='bbox 1174 3889 1288 3939; x_wconf 80' lang='lat' dir='ltr'>doctrinar</span> <span class='ocrx_word' id='word_1_330' title='bbox 1307 3893 1392 3942; x_wconf 90' lang='lat' dir='ltr'>studiis</span> 
     </span>
     <span class='ocr_line' id='line_1_38' title="bbox 240 3950 1389 4019; baseline 0.003 -20"><span class='ocrx_word' id='word_1_331' title='bbox 240 3950 798 4019; x_wconf 76' lang='lat' dir='ltr'>Porph.,Satureianieominefundilatipulis</span> <span class='ocrx_word' id='word_1_332' title='bbox 829 3951 987 4001; x_wconf 84' lang='lat' dir='ltr'>erudiendum</span> <span class='ocrx_word' id='word_1_333' title='bbox 1000 3955 1107 4002; x_wconf 74' lang='lat' dir='ltr'>curabat.</span> <span class='ocrx_word' id='word_1_334' title='bbox 1139 3954 1316 4017; x_wconf 63' lang='lat' dir='ltr'>Iseoosmpensi</span> <span class='ocrx_word' id='word_1_335' title='bbox 1326 3958 1389 4006; x_wconf 71' lang='lat' dir='ltr'>locu.</span> 
     </span>
     <span class='ocr_line' id='line_1_39' title="bbox 239 4016 1391 4083; baseline 0.006 -20"><span class='ocrx_word' id='word_1_336' title='bbox 239 4016 286 4064; x_wconf 87' lang='lat' dir='ltr'>illis</span> <span class='ocrx_word' id='word_1_337' title='bbox 304 4020 439 4079; x_wconf 71' lang='lat' dir='ltr'>temporibus</span> <span class='ocrx_word' id='word_1_338' title='bbox 447 4018 525 4083; x_wconf 80' lang='lat' dir='ltr'>fuisse</span> <span class='ocrx_word' id='word_1_339' title='bbox 536 4020 714 4067; x_wconf 83' lang='lat' dir='ltr'>dicuntursstis</span> <span class='ocrx_word' id='word_1_340' title='bbox 726 4020 798 4081; x_wconf 84' lang='lat' dir='ltr'>ampli</span> <span class='ocrx_word' id='word_1_341' title='bbox 831 4017 863 4065; x_wconf 89' lang='lat' dir='ltr'>los</span> <span class='ocrx_word' id='word_1_342' title='bbox 878 4020 1023 4081; x_wconf 74' lang='lat' dir='ltr'>tabulamque</span> <span class='ocrx_word' id='word_1_343' title='bbox 1038 4020 1132 4074; x_wconf 72' lang='lat' dir='ltr'>locmto,</span> <span class='ocrx_word' id='word_1_344' title='bbox 1144 4018 1250 4067; x_wconf 77' lang='lat' dir='ltr'>tabulam</span> <span class='ocrx_word' id='word_1_345' title='bbox 1263 4019 1391 4071; x_wconf 87' lang='lat' dir='ltr'>etloculos</span> 
     </span>
     <span class='ocr_line' id='line_1_40' title="bbox 239 4080 1393 4148; baseline 0.005 -22"><span class='ocrx_word' id='word_1_346' title='bbox 239 4096 266 4129; x_wconf 88' lang='lat' dir='ltr'>oc</span> <span class='ocrx_word' id='word_1_347' title='bbox 284 4083 378 4137; x_wconf 83' lang='lat' dir='ltr'>nobiles,</span> <span class='ocrx_word' id='word_1_348' title='bbox 388 4098 431 4144; x_wconf 86' lang='lat' dir='ltr'>pes·</span> <span class='ocrx_word' id='word_1_349' title='bbox 442 4098 496 4145; x_wconf 76' lang='lat' dir='ltr'>quos</span> <span class='ocrx_word' id='word_1_350' title='bbox 514 4084 633 4146; x_wconf 78' lang='lat' dir='ltr'>Appulum</span> <span class='ocrx_word' id='word_1_351' title='bbox 650 4098 734 4145; x_wconf 73' lang='lat' dir='ltr'>equum</span> <span class='ocrx_word' id='word_1_352' title='bbox 750 4087 797 4148; x_wconf 80' lang='lat' dir='ltr'>sig·</span> <span class='ocrx_word' id='word_1_353' title='bbox 830 4080 890 4131; x_wconf 84' lang='lat' dir='ltr'>laevo</span> <span class='ocrx_word' id='word_1_354' title='bbox 902 4081 991 4131; x_wconf 80' lang='lat' dir='ltr'>lucerio</span> <span class='ocrx_word' id='word_1_355' title='bbox 1001 4098 1128 4148; x_wconf 80' lang='lat' dir='ltr'>suspensos</span> <span class='ocrx_word' id='word_1_356' title='bbox 1138 4090 1273 4147; x_wconf 73' lang='lat' dir='ltr'>portantes:</span> <span class='ocrx_word' id='word_1_357' title='bbox 1289 4092 1393 4147; x_wconf 75' lang='lat' dir='ltr'>suspensi</span> 
     </span>
     <span class='ocr_line' id='line_1_41' title="bbox 239 4146 1391 4212; baseline 0.009 -21"><span class='ocrx_word' id='word_1_358' title='bbox 239 4146 328 4208; x_wconf 65' lang='lat' dir='ltr'>nipicst.</span> <span class='ocrx_word' id='word_1_359' title='bbox 373 4148 493 4209; x_wconf 79' lang='lat' dir='ltr'>Appulum</span> <span class='ocrx_word' id='word_1_360' title='bbox 513 4156 589 4195; x_wconf 73' lang='lat' dir='ltr'>auton</span> <span class='ocrx_word' id='word_1_361' title='bbox 615 4164 697 4211; x_wconf 76' lang='lat' dir='ltr'>equum</span> <span class='ocrx_word' id='word_1_362' title='bbox 718 4151 798 4211; x_wconf 73' lang='lat' dir='ltr'>utiquo</span> <span class='ocrx_word' id='word_1_363' title='bbox 846 4146 934 4195; x_wconf 80' lang='lat' dir='ltr'>Graeca</span> <span class='ocrx_word' id='word_1_364' title='bbox 951 4148 1105 4204; x_wconf 87' lang='lat' dir='ltr'>constructio,</span> <span class='ocrx_word' id='word_1_365' title='bbox 1121 4147 1281 4212; x_wconf 71' lang='grc' dir='ltr'>ἐξηρτημένοι</span> <span class='ocrx_word' id='word_1_366' title='bbox 1298 4151 1344 4199; x_wconf 80' lang='grc' dir='ltr'>τὸν</span> <span class='ocrx_word' id='word_1_367' title='bbox 1361 4155 1391 4202; x_wconf 81' lang='grc' dir='ltr'>ἅ·</span> 
     </span>
     <span class='ocr_line' id='line_1_42' title="bbox 238 4210 1391 4287; baseline 0.005 -30"><span class='ocrx_word' id='word_1_368' title='bbox 238 4224 281 4270; x_wconf 83' lang='lat' dir='ltr'>pro</span> <span class='ocrx_word' id='word_1_369' title='bbox 295 4213 488 4273; x_wconf 75' lang='lat' dir='ltr'>optimacoipere</span> <span class='ocrx_word' id='word_1_370' title='bbox 498 4213 610 4260; x_wconf 84' lang='lat' dir='ltr'>debemus.</span> <span class='ocrx_word' id='word_1_371' title='bbox 643 4210 709 4265; x_wconf 81' lang='lat' dir='ltr'>Quod</span> <span class='ocrx_word' id='word_1_372' title='bbox 718 4212 797 4274; x_wconf 82' lang='lat' dir='ltr'>placui</span> <span class='ocrx_word' id='word_1_373' title='bbox 881 4211 922 4274; x_wconf 88' lang='lat' dir='ltr'>a),</span> <span class='ocrx_word' id='word_1_374' title='bbox 941 4212 983 4275; x_wconf 91' lang='lat' dir='ltr'>qui</span> <span class='ocrx_word' id='word_1_375' title='bbox 1000 4211 1046 4261; x_wconf 88' lang='lat' dir='ltr'>sibi</span> <span class='ocrx_word' id='word_1_376' title='bbox 1066 4212 1242 4287; x_wconf 85' lang='lat' dir='ltr'>suspenderunt</span> <span class='ocrx_word' id='word_1_377' title='bbox 1257 4215 1349 4273; x_wconf 87' lang='lat' dir='ltr'>loculos,</span> <span class='ocrx_word' id='word_1_378' title='bbox 1366 4217 1391 4266; x_wconf 91' lang='lat' dir='ltr'>in</span> 
     </span>
     <span class='ocr_line' id='line_1_43' title="bbox 242 4274 1393 4389; baseline 0.007 -68"><span class='ocrx_word' id='word_1_379' title='bbox 242 4275 294 4331; x_wconf 87' lang='lat' dir='ltr'>tibi,</span> <span class='ocrx_word' id='word_1_380' title='bbox 305 4282 361 4323; x_wconf 89' lang='lat' dir='ltr'>cett.</span> <span class='ocrx_word' id='word_1_381' title='bbox 373 4275 437 4339; x_wconf 91' lang='lat' dir='ltr'>quod</span> <span class='ocrx_word' id='word_1_382' title='bbox 452 4276 558 4350; x_wconf 71' lang='lat' dir='ltr'>egotibi,</span> <span class='ocrx_word' id='word_1_383' title='bbox 570 4274 698 4389; x_wconf 51' lang='lat' dir='ltr'>quiapuod</span> <span class='ocrx_word' id='word_1_384' title='bbox 711 4276 797 4326; x_wconf 89' lang='lat' dir='ltr'>bones·</span> <span class='ocrx_word' id='word_1_385' title='bbox 830 4276 919 4340; x_wconf 86' lang='lat' dir='ltr'>quibus</span> <span class='ocrx_word' id='word_1_386' title='bbox 937 4276 1035 4332; x_wconf 88' lang='lat' dir='ltr'>calculi,</span> <span class='ocrx_word' id='word_1_387' title='bbox 1048 4285 1073 4325; x_wconf 89' lang='lat' dir='ltr'>et</span> <span class='ocrx_word' id='word_1_388' title='bbox 1088 4277 1146 4331; x_wconf 86' lang='lat' dir='ltr'>alra,</span> <span class='ocrx_word' id='word_1_389' title='bbox 1157 4277 1246 4341; x_wconf 87' lang='lat' dir='ltr'>quibus</span> <span class='ocrx_word' id='word_1_390' title='bbox 1263 4294 1323 4342; x_wconf 90' lang='lat' dir='ltr'>opus</span> <span class='ocrx_word' id='word_1_391' title='bbox 1340 4290 1393 4331; x_wconf 85' lang='lat' dir='ltr'>erat</span> 
     </span>
     <span class='ocr_line' id='line_1_44' title="bbox 240 4338 1391 4408; baseline 0.01 -25"><span class='ocrx_word' id='word_1_392' title='bbox 240 4342 293 4385; x_wconf 87' lang='lat' dir='ltr'>tum</span> <span class='ocrx_word' id='word_1_393' title='bbox 308 4346 353 4395; x_wconf 88' lang='lat' dir='ltr'>est,</span> <span class='ocrx_word' id='word_1_394' title='bbox 369 4354 472 4389; x_wconf 78' lang='lat' dir='ltr'>secernis</span> <span class='ocrx_word' id='word_1_395' title='bbox 490 4341 521 4389; x_wconf 90' lang='lat' dir='ltr'>ab</span> <span class='ocrx_word' id='word_1_396' title='bbox 537 4356 566 4389; x_wconf 85' lang='lat' dir='ltr'>eo</span> <span class='ocrx_word' id='word_1_397' title='bbox 583 4356 616 4405; x_wconf 91' lang='lat' dir='ltr'>qu</span> <span class='ocrx_word' id='word_1_398' title='bbox 666 4347 704 4388; x_wconf 89' lang='lat' dir='ltr'>est</span> <span class='ocrx_word' id='word_1_399' title='bbox 719 4349 797 4407; x_wconf 87' lang='lat' dir='ltr'>turpe,</span> <span class='ocrx_word' id='word_1_400' title='bbox 830 4338 855 4388; x_wconf 93' lang='lat' dir='ltr'>in</span> <span class='ocrx_word' id='word_1_401' title='bbox 868 4340 932 4389; x_wconf 90' lang='lat' dir='ltr'>ludis</span> <span class='ocrx_word' id='word_1_402' title='bbox 943 4340 1089 4405; x_wconf 76' lang='lat' dir='ltr'>vulgaribus,</span> <span class='ocrx_word' id='word_1_403' title='bbox 1101 4342 1269 4408; x_wconf 82' lang='lat' dir='ltr'>portabantur:</span> <span class='ocrx_word' id='word_1_404' title='bbox 1288 4346 1391 4395; x_wconf 76' lang='lat' dir='ltr'>ubuum</span> 
     </span>
     <span class='ocr_line' id='line_1_45' title="bbox 240 4403 1391 4517; baseline 0.006 -2"><span class='ocrx_word' id='word_1_405' title='bbox 240 4403 712 4517; x_wconf 62' lang='grc' dir='ltr'>ν</span> <span class='ocrx_word' id='word_1_406' title='bbox 830 4404 1391 4470; x_wconf 79' lang='lat'>&lt;&gt;</span> 
     </span>
     <span class='ocr_line' id='line_1_46' title="bbox 257 4486 1391 4604; baseline 0.01 -25"><span class='ocrx_word' id='word_1_407' title='bbox 257 4532 379 4604; x_wconf 29' lang='lat' dir='ltr'>&#39;oo-75.</span> <span class='ocrx_word' id='word_1_408' title='bbox 396 4536 469 4597; x_wconf 79' lang='lat' dir='ltr'>Atqui</span> <span class='ocrx_word' id='word_1_409' title='bbox 489 4536 518 4591; x_wconf 89' lang='lat' dir='ltr'>si,</span> <span class='ocrx_word' id='word_1_410' title='bbox 537 4542 594 4585; x_wconf 89' lang='lat' dir='ltr'>cett.</span> <span class='ocrx_word' id='word_1_411' title='bbox 611 4486 704 4599; x_wconf 70' lang='lat' dir='ltr'>iirnge:</span> <span class='ocrx_word' id='word_1_412' title='bbox 727 4534 799 4599; x_wconf 77' lang='lat' dir='ltr'>Atqui</span> <span class='ocrx_word' id='word_1_413' title='bbox 830 4536 894 4583; x_wconf 84' lang='lat' dir='ltr'>boat.</span> <span class='ocrx_word' id='word_1_414' title='bbox 929 4504 1061 4601; x_wconf 58' lang='lat' dir='ltr'>Rgfmeatis</span> <span class='ocrx_word' id='word_1_415' title='bbox 1079 4553 1142 4583; x_wconf 84' lang='lat' dir='ltr'>ero:</span> <span class='ocrx_word' id='word_1_416' title='bbox 1159 4534 1281 4600; x_wconf 85' lang='lat' dir='ltr'>explicant</span> <span class='ocrx_word' id='word_1_417' title='bbox 1299 4553 1345 4586; x_wconf 77' lang='lat' dir='ltr'>tera</span> <span class='ocrx_word' id='word_1_418' title='bbox 1359 4540 1391 4590; x_wconf 89' lang='lat' dir='ltr'>de</span> 
     </span>
     <span class='ocr_line' id='line_1_47' title="bbox 241 4594 1392 4665; baseline 0.007 -22"><span class='ocrx_word' id='word_1_419' title='bbox 241 4594 304 4659; x_wconf 69' lang='grc' dir='ltr'>(μω</span> <span class='ocrx_word' id='word_1_420' title='bbox 320 4598 389 4661; x_wconf 84' lang='lat' dir='ltr'>vero)</span> <span class='ocrx_word' id='word_1_421' title='bbox 405 4601 425 4645; x_wconf 81' lang='lat' dir='ltr'>st</span> <span class='ocrx_word' id='word_1_422' title='bbox 441 4615 490 4647; x_wconf 78' lang='lat' dir='ltr'>soso</span> <span class='ocrx_word' id='word_1_423' title='bbox 506 4609 593 4647; x_wconf 83' lang='lat' dir='ltr'>actara</span> <span class='ocrx_word' id='word_1_424' title='bbox 612 4601 761 4649; x_wconf 80' lang='lat' dir='ltr'>mediocribus</span> <span class='ocrx_word' id='word_1_425' title='bbox 777 4609 798 4647; x_wconf 79' lang='lat' dir='ltr'>st</span> <span class='ocrx_word' id='word_1_426' title='bbox 830 4598 951 4649; x_wconf 84' lang='lat' dir='ltr'>subducta</span> <span class='ocrx_word' id='word_1_427' title='bbox 966 4614 981 4648; x_wconf 84' lang='lat' dir='ltr'>a</span> <span class='ocrx_word' id='word_1_428' title='bbox 996 4598 1077 4665; x_wconf 86' lang='lat' dir='ltr'>pueris</span> <span class='ocrx_word' id='word_1_429' title='bbox 1092 4600 1118 4647; x_wconf 89' lang='lat' dir='ltr'>in</span> <span class='ocrx_word' id='word_1_430' title='bbox 1136 4601 1235 4661; x_wconf 75' lang='lat' dir='ltr'>exemplo</span> <span class='ocrx_word' id='word_1_431' title='bbox 1249 4600 1392 4654; x_wconf 78' lang='lat' dir='ltr'>arithmetico</span> 
     </span>
     <span class='ocr_line' id='line_1_48' title="bbox 238 4660 1392 4733; baseline 0.007 -25"><span class='ocrx_word' id='word_1_432' title='bbox 238 4660 319 4733; x_wconf 75' lang='lat' dir='ltr'>paucis</span> <span class='ocrx_word' id='word_1_433' title='bbox 329 4665 432 4712; x_wconf 78' lang='lat' dir='ltr'>uitiisest</span> <span class='ocrx_word' id='word_1_434' title='bbox 444 4665 557 4713; x_wconf 78' lang='lat' dir='ltr'>nundus.</span> <span class='ocrx_word' id='word_1_435' title='bbox 584 4662 800 4719; x_wconf 68' lang='lat' dir='ltr'>Sodousordidsm</span> <span class='ocrx_word' id='word_1_436' title='bbox 831 4662 922 4713; x_wconf 85' lang='lat' dir='ltr'>ratione</span> <span class='ocrx_word' id='word_1_437' title='bbox 933 4680 1067 4722; x_wconf 70' lang='lat' dir='ltr'>nsumrum</span> <span class='ocrx_word' id='word_1_438' title='bbox 1078 4662 1160 4713; x_wconf 89' lang='lat' dir='ltr'>idibus</span> <span class='ocrx_word' id='word_1_439' title='bbox 1170 4664 1290 4729; x_wconf 86' lang='lat' dir='ltr'>cujusque</span> <span class='ocrx_word' id='word_1_440' title='bbox 1302 4669 1392 4716; x_wconf 85' lang='lat' dir='ltr'>mensis</span> 
     </span>
     <span class='ocr_line' id='line_1_49' title="bbox 240 4726 1391 4795; baseline 0.007 -22"><span class='ocrx_word' id='word_1_441' title='bbox 240 4730 409 4789; x_wconf 73' lang='lat' dir='ltr'>anacteum,</span> <span class='ocrx_word' id='word_1_442' title='bbox 427 4726 483 4777; x_wconf 85' lang='lat' dir='ltr'>hinc</span> <span class='ocrx_word' id='word_1_443' title='bbox 497 4727 597 4795; x_wconf 84' lang='lat' dir='ltr'>turpiter</span> <span class='ocrx_word' id='word_1_444' title='bbox 608 4728 672 4777; x_wconf 84' lang='lat' dir='ltr'>aseri</span> <span class='ocrx_word' id='word_1_445' title='bbox 687 4727 800 4779; x_wconf 80' lang='lat' dir='ltr'>dicuntur</span> <span class='ocrx_word' id='word_1_446' title='bbox 832 4744 847 4777; x_wconf 89' lang='lat' dir='ltr'>a</span> <span class='ocrx_word' id='word_1_447' title='bbox 867 4727 1015 4779; x_wconf 87' lang='lat' dir='ltr'>debitoribus</span> <span class='ocrx_word' id='word_1_448' title='bbox 1034 4728 1219 4789; x_wconf 70' lang='lat' dir='ltr'>solvendarum</span> <span class='ocrx_word' id='word_1_449' title='bbox 1242 4727 1284 4778; x_wconf 92' lang='lat' dir='ltr'>sed</span> <span class='ocrx_word' id='word_1_450' title='bbox 1303 4731 1391 4781; x_wconf 84' lang='lat' dir='ltr'>tectius</span> 
     </span>
    </p>
   </div>
   <div class='ocr_carea' id='block_1_6' title="bbox 743 3824 1390 3889">
    <p class='ocr_par' dir='ltr' id='par_1_15' title="bbox 743 3824 1390 3889">
     <span class='ocr_line' id='line_1_50' title="bbox 743 3824 1390 3889; baseline 0.006 -16"><span class='ocrx_word' id='word_1_451' title='bbox 743 3842 797 3881; x_wconf 86' lang='lat' dir='ltr'>ure,</span> <span class='ocrx_word' id='word_1_452' title='bbox 830 3840 906 3873; x_wconf 83' lang='lat' dir='ltr'>moero</span> <span class='ocrx_word' id='word_1_453' title='bbox 920 3840 1009 3887; x_wconf 80' lang='lat' dir='ltr'>pauper</span> <span class='ocrx_word' id='word_1_454' title='bbox 1018 3826 1101 3889; x_wconf 84' lang='lat' dir='ltr'>agello,</span> <span class='ocrx_word' id='word_1_455' title='bbox 1112 3824 1188 3873; x_wconf 85' lang='lat' dir='ltr'>tilium</span> <span class='ocrx_word' id='word_1_456' title='bbox 1203 3841 1274 3875; x_wconf 89' lang='lat' dir='ltr'>suum</span> <span class='ocrx_word' id='word_1_457' title='bbox 1287 3826 1390 3877; x_wconf 56' lang='lat' dir='ltr'>&amp;mam</span> 
     </span>
    </p>
   </div>
   <div class='ocr_carea' id='block_1_7' title="bbox 0 0 1840 5892">
    <p class='ocr_par' dir='ltr' id='par_1_16' title="bbox 0 0 1840 5892">
     <span class='ocr_line' id='line_1_51' title="bbox 0 0 1840 5892; baseline 0 0"><span class='ocrx_word' id='word_1_458' title='bbox 0 0 1840 5892; x_wconf 95' lang='lat' dir='ltr'> </span> 
     </span>
    </p>
   </div>
  </div>
 </body>
</html>
