3659 5892
645 533 812 601 LIBER
834 534 862 613 1,
888 533 941 599 lt.
1297 536 1364 601 473

298 685 504 753 Fasciculum
518 695 631 771 portes
644 685 813 764 librorum,
829 695 867 751 ut
881 688 1023 753 rusticus
1039 708 1176 775 agnumt

300 789 348 855 Ut
362 790 475 853 vinosa
489 787 614 873 glomos
628 787 758 853 furtivae
773 787 914 872 Pyrrhia
927 787 1031 869 lanae3

238 893 278 956 15
301 892 350 957 Ut
364 914 439 957 cum
454 890 574 976 pileolo
588 886 694 957 solens
707 890 844 956 convive
857 890 999 956 tribulis.

301 992 356 1058 Ne
370 993 469 1079 vulgo
483 1015 596 1059 narres
613 1004 645 1058 te
661 992 830 1057 sudavisse
844 990 981 1058 ferendo

301 1095 465 1175 Carmina,
480 1118 556 1180 quae
570 1095 699 1181 possint
713 1095 826 1159 oculos
840 1117 1003 1180 curesque
1017 1096 1137 1160 morari

301 1197 461 1263 Coesaris:
484 1210 596 1263 oratus
609 1196 712 1261 mults
725 1217 836 1281 prece,
851 1196 957 1262 nitere
970 1218 1080 1281 porro.

304 1298 412 1378 Vade,
428 1300 511 1378 vale,
527 1321 605 1365 cave
619 1320 660 1363 ne
675 1298 811 1375 titubes,
825 1298 1044 1382 mandatoque
1058 1296 1201 1385 franges.

612 1619 853 1690 EPISTOLA
876 1622 974 1687 XIV.

581 1850 639 1900 AD
660 1849 870 1900 vltmcust
892 1849 1019 1899 SUUM.

305 2008 453 2075 mecn
469 2008 621 2073 silvorum
632 2020 667 2075 et
681 2009 760 2073 mibi
774 2031 826 2073 me
841 2008 1011 2075 reddentis
1026 2010 1136 2095 agelli,

305 2112 415 2187 Quem
428 2122 464 2177 tu
479 2110 620 2188 fastidis,
634 2110 818 2176 habitatum
831 2111 977 2195 quinque
994 2110 1088 2190 locis,
1103 2124 1138 2178 et

306 2214 462 2299 Quinque
476 2215 581 2279 bonos
597 2213 727 2279 solitum
741 2212 877 2277 Variam
892 2213 1056 2279 dimittere
1071 2224 1200 2299 petres3

306 2317 489 2393 Certemus,
505 2316 616 2400 spinas
631 2314 780 2379 animone
794 2336 857 2399 ego
870 2313 1000 2392 fortius,
1016 2336 1058 2379 en
1073 2324 1110 2379 tu

219 2469 269 2517 sive
278 2470 352 2517 Asino
366 2472 471 2531 esputo,
483 2464 611 2514 Horatium
626 2464 780 2523 abstinuisse,
813 2464 857 2513 ini.
868 2465 894 2515 in
907 2466 985 2532 Epist.
996 2466 1026 2515 ad
1042 2466 1095 2515 Pis.
1112 2468 1274 2525 321,me
1286 2472 1376 2521 sullies

219 2534 309 2598 plures,
326 2539 394 2597 puto,
413 2545 509 2579 mecum
527 2530 611 2580 velint.
644 2530 678 2580 Et
691 2532 781 2596 sabulo
812 2534 909 2588 ureris,
926 2534 976 2580 sins
990 2535 1090 2593 pondm
1105 2542 1128 2580 et
1145 2542 1205 2591 orte,
1226 2535 1322 2584 Vsldius
1337 2538 1375 2583 ob·

213 2600 272 2661 fisi,
282 2604 309 2645 st
317 2612 360 2662 per
370 2610 413 2643 ora
428 2594 551 2643 hominum
567 2594 714 2644 traducaris:
732 2594 781 2645 sid.
814 2596 882 2643 lectu
891 2598 1002 2657 populum
1012 2599 1135 2661 meliusque
1144 2608 1257 2646 moratur.

221 2676 274 2727 sup.
285 2660 316 2708 sd
327 2659 405 2726 Epod.
415 2661 441 2716 9,
452 2661 477 2707 8.
850 2660 888 2709 19.
903 2660 1071 2723 llnndstuqus,
1087 2676 1122 2711 sc.
1136 2662 1251 2719 carmine,
1260 2662 1376 2729 frangas,

255 2728 295 2775 10.
312 2726 405 2780 Lanos,
420 2723 486 2771 locos
502 2723 629 2789 palustres,
645 2722 782 2789 paludosos,
813 2738 960 2789 corrumpas,
983 2723 1122 2789 disperdas;
1150 2726 1326 2777 recommodsts
1346 2727 1377 2776 ad

223 2790 321 2839 lutosos.
814 2790 907 2845 tituta,
919 2788 977 2851 quia
989 2804 1037 2839 non
1047 2805 1109 2849 rsro,
1121 2790 1165 2855 qui
1181 2791 1293 2850 titubant,
1305 2792 1379 2861 pedes

255 2857 294 2903 ll.
320 2854 398 2903 Vietor
415 2853 535 2927 propositi,
555 2851 700 2917 propositam
719 2850 783 2902 virm
813 2850 922 2918 frangere
931 2852 1020 2902 solent.

221 2934 340 2972 ememus.
371 2915 702 3029 Illucflntedssdugustiib

255 2986 295 3032 12.
311 2984 350 3031 Sic
366 2984 466 3044 positum
477 2983 575 3029 seruabis
589 2997 655 3037 onus,
677 2980 684 3029 i
703 2996 782 3030 rorum

221 3047 363 3097 tunsum
376 3045 482 3097 tenebis:
499 3047 541 3102 sic,
553 3045 617 3093 hunc
631 3045 658 3093 in
673 3044 781 3104 modum,
964 3014 1135 3065 EPISTOLA
1152 3016 1227 3068 XIV·

223 3112 249 3161 b.
263 3126 285 3161 e.
300 3120 355 3175 apte
370 3118 396 3160 st
412 3109 525 3159 decenter
539 3109 659 3175 positum
676 3109 719 3158 sed
734 3110 781 3158 lor·
847 3110 916 3158 Dum
932 3109 995 3160 ridet
1010 3109 1134 3177 carpitque
1148 3112 1262 3163 Horatius
1273 3116 1378 3165 mutabi-

222 3182 285 3225 tasse
304 3190 402 3240 quoque
421 3173 544 3229 Horatius,
562 3172 621 3221 dum
643 3174 723 3224 aiebat
740 3178 782 3232 sic,
814 3173 863 3223 lem
880 3174 985 3223 animum
1004 3175 1078 3225 villici
1094 3176 1141 3233 sui,
1158 3179 1199 3227 cui
1215 3178 1266 3228 vita
1281 3180 1379 3239 rustica,

222 3240 273 3304 ipss
288 3240 361 3288 simul
376 3238 523 3287 monstrabat
536 3245 561 3286 et
575 3238 675 3303 preibat
686 3243 782 3305 σχῆμα,
831 3254 888 3287 uam
904 3238 975 3287 modo
985 3239 1039 3289 vite
1056 3241 1154 3289 urbane
1172 3244 1317 3308 pretulerat,
1328 3260 1379 3295 sor·

223 3319 272 3369 quo
282 3303 397 3356 tradenda
407 3310 488 3353 essent
497 3302 612 3351 cumina.
814 3253 872 3352 dere
886 3302 971 3367 coepit.
984 3318 1066 3353 versus
1081 3306 1199 3369 quosdam
1215 3308 1251 3371 (v.
1266 3311 1379 3375 :st-³9)

257 3370 298 3417 14.
317 3368 400 3417 Viuoso
419 3366 535 3431 (bibar);
563 3366 683 3431 Pyrrltior
702 3366 785 3416 Schol.
815 3366 846 3416 de
864 3366 920 3415 vite
934 3367 1029 3417 rustiess
1042 3368 1195 3433 jucunditate
1209 3381 1234 3422 st
1248 3374 1380 3425 commodis

224 3432 311 3497 cruq„
322 3448 403 3480 nomen
412 3441 445 3480 est
455 3432 581 3479 ancillam
592 3430 785 3496 quadamssbsln
817 3430 899 3481 inserit
910 3430 1071 3481 dulcissimos.

225 3496 334 3554 Titinnii,
353 3494 512 3561 mseras
529 3496 695 3557 buglossos,
711 3499 746 3544 ito
763 3512 785 3545 ss
851 3497 924 3544 1-3.
946 3496 1036 3552 Vtilia,
1060 3512 1136 3547 rernm
1152 3498 1179 3547 in
1197 3500 1256 3549 ville
1274 3501 1378 3551 admini-

222 3564 331 3624 gsstnoit‚
345 3571 373 3609 ut
384 3561 522 3622 deprebensa
534 3562 573 3608 sit.
608 3560 712 3607 Glomos:
732 3561 785 3625 glo·
817 3558 1082 3621 strsndarumcutato13
1094 3563 1237 3621 nos,Msisr,
1246 3566 1380 3617 Verusltsr.

223 3641 282 3683 mus,
289 3628 375 3681 minet
382 3626 483 3688 glomus,
493 3626 511 3681 i,
520 3622 538 3673 i.
549 3638 572 3672 s.
583 3623 640 3673 lona
649 3624 676 3674 in
686 3624 787 3673 formam
819 3624 883 3673 Mitt
893 3642 928 3673 sss
938 3626 1062 3683 reddentis,
1074 3626 1117 3675 ubi
1128 3627 1188 3676 liber
1197 3636 1223 3677 st
1232 3630 1325 3679 solutus
1340 3631 1379 3681 in·

225 3688 438 3753 globiconvoluta.
819 3688 876 3737 visis
898 3688 1000 3752 negotiis
1019 3689 1050 3739 sd
1067 3706 1105 3741 me
1123 3691 1199 3741 redire
1218 3702 1243 3743 et
1260 3694 1319 3745 mibi
1335 3697 1381 3745 soli

259 3756 298 3803 15.
317 3754 349 3802 Ut
364 3770 417 3801 cusa
432 3753 524 3815 pileolo,
543 3760 598 3801 cett.
609 3750 680 3801 sicuti
694 3750 787 3803 tribulis
817 3752 896 3803 virere
912 3752 986 3803 soleo.
1021 3756 1208 3823 Quinqusfocis:
1224 3774 1265 3823 per
1281 3762 1381 3823 quinque

224 3818 342 3883 explebe
359 3818 397 3866 vel
414 3832 469 3865 rure
483 3831 499 3864 a
512 3816 633 3881 superiore
648 3816 687 3866 rel
703 3817 788 3867 ditiore
812 3819 879 3883 soem
899 3816 1008 3881 intelligo
1030 3818 1137 3883 quinque
1158 3820 1242 3871 domos
1261 3823 1300 3872 vel
1321 3824 1380 3873 sedi·

225 3880 333 3945 ejusdem
350 3880 426 3930 tribus
441 3881 472 3930 sd
487 3894 583 3929 coenstn
599 3890 696 3931 socams
709 3882 788 3931 soleas
819 3882 896 3939 culas,
907 3883 933 3931 in
944 3882 1034 3957 quibus
1045 3884 1209 3935 habitaverant
1218 3886 1297 3938 adbuc
1308 3888 1380 3953 quin-

224 3946 379 4012 cumpileolo
389 3946 587 4020 subalnportare
597 3946 673 3995 solet:
691 3944 721 3994 de
730 3948 787 3996 sole-
819 3962 868 4010 qus
889 3946 994 4003 familiis,
1015 3962 1117 4011 querum
1143 3951 1196 3999 bosi
1215 3964 1292 4014 putres
1313 3960 1381 4018 (uos,

224 4028 293 4059 nrum
303 4026 349 4059 usu
364 4010 391 4059 in
406 4009 522 4058 convivus
531 4008 580 4059 rid.
590 4024 644 4073 sup.
655 4008 687 4058 ad
697 4012 749 4059 Sat.
758 4010 785 4066 ii,
817 4012 918 4059 uncksrs
937 4012 1083 4073 Housvb'ter)
1101 4014 1248 4077 negotiorum
1264 4032 1339 4067 causa
1355 4034 1382 4069 ss

224 4076 249 4130 s,
262 4075 303 4123 77.
337 4073 452 4123 Rusticus
465 4082 545 4123 autem
560 4088 646 4129 mores,
658 4082 725 4123 uter
740 4074 785 4123 boe
817 4074 990 4124 indecenterre
1005 4075 1069 4125 soliti
1086 4076 1181 4127 inerant
1195 4080 1297 4139 Varium,
1312 4098 1328 4130 o
1361 4082 1381 4122 '-

225 4137 278 4188 loco
299 4138 422 4195 discimus,
443 4137 584 4187 ostendebat
607 4140 709 4195 tribulis,
734 4138 786 4203 qui,
817 4139 901 4188 (lulum
917 4138 949 4188 ad
965 4140 1100 4189 Anienisri
1119 4158 1156 4191 am
1174 4142 1289 4195 dextrsm.
1324 4098 1382 4198 diis

225 4218 283 4252 cum
303 4211 425 4253 coenatum
447 4201 501 4258 iret,
522 4203 600 4251 soleas
622 4217 679 4250 curn
699 4202 788 4267 pileolo
819 4203 872 4253 sins
890 4218 966 4253 causa
984 4214 1064 4254 antem
1113 4208 1203 4258 oratius
1216 4209 1267 4274 jam
1286 4211 1318 4259 ab
1335 4210 1381 4263 bac

225 4268 331 4317 subala
349 4267 466 4331 gestabat.
500 4267 598 4322 Pileolo,
617 4282 667 4331 quo
683 4276 789 4316 extrema
819 4278 887 4333 parte
903 4269 1149 4319 commendatrillam
1164 4287 1250 4333 suam
1267 4290 1384 4339 nsmqno

226 4338 356 4381 tantumca
372 4332 413 4381 itis
421 4347 476 4397 pars
483 4332 646 4395 obtegebatur.
669 4330 790 4380 Videntur
821 4332 922 4398 amplior
935 4332 978 4381 illa
995 4333 1040 4382 luit
1053 4342 1077 4384 et
1093 4334 1244 4411 frequentior,
1255 4355 1284 4389 eo
1292 4339 1382 4405 jucun.

226 4404 306 4445 autern
324 4401 350 4459 pl
387 4399 406 4444 li
432 4396 464 4445 ad
489 4404 615 4445 externum
635 4395 789 4445 convivarum
821 4396 876 4445 dius
886 4396 921 4444 ibi
931 4396 1009 4448 rivere
1051 4406 1110 4449 terst
1118 4400 1224 4451 villicus.
1352 4410 1360 4423 ·

226 4460 318 4509 cultum
328 4459 479 4525 pertinuisse.
855 4463 881 4509 4.
896 4460 988 4522 Spina.
1032 4465 1102 4525 binas
1119 4468 1213 4514 eosllcrs
1227 4484 1293 4532 agro,
1309 4482 1381 4520 sensu

198 4555 202 4561 ·
261 4526 301 4581 16,
323 4524 363 4573 17.
379 4526 499 4573 sudamus
509 4522 621 4589 serendo,
640 4523 710 4587 quasi
729 4524 792 4573 nihil
823 4524 925 4591 proprio,
937 4528 1031 4575 euellere
1044 4530 1129 4585 enims,
1139 4544 1212 4580 ssnsu
1223 4532 1383 4596 metaphorico

227 4588 321 4638 sudoris
332 4588 464 4654 exprimere
473 4587 548 4654 possit
558 4595 791 4651 onustnmpratum,
824 4590 855 4638 de
871 4589 943 4647 curis,
973 4606 1010 4639 uas
1027 4590 1134 4640 animum
1151 4604 1263 4659 pungunt
1278 4604 1302 4645 et
1318 4596 1383 4647 lace-

227 4652 334 4703 carmina
345 4652 613 4767 wibcmquw
618 4652 722 4702 Cereris
732 4668 791 4701 ocu·
824 4662 886 4711 rent,
898 4653 938 4703 vel
954 4606 972 4702 d

227 4717 264 4767 los
275 4726 300 4768 et
314 4732 384 4769 sures
395 4720 482 4767 mart
622 4724 647 4767 ct
656 4716 790 4768 oblectare:
824 4727 900 4785 punt:
916 4718 961 4768 inl.
979 4718 1057 4784 Epist.
1075 4720 1102 4780 ii,
1114 4723 1139 4783 2,
1153 4724 1211 4783 tls,
1224 4725 1288 4779 Quid
1306 4734 1327 4777 ts
1344 4744 1386 4777 ss.

971 4670 985 4703 o
999 4654 1072 4714 vitiis,
1084 4672 1138 4721 quss
1155 4658 1261 4707 animum
1278 4674 1382 4711 conum·
