3659 5892
654 556 820 623 LIBER
843 556 870 638 l,
893 559 924 623 4.

627 828 868 895 EPISTOLA
890 829 952 895 IV.

544 1048 602 1108 at)
624 1059 791 1108 ALBIUM
812 1058 1047 1109 rrnunnuu.

303 1219 407 1298 Acer,
420 1230 606 1285 nostrorum
621 1242 804 1286 sermonum
818 1220 958 1285 candide
968 1222 1085 1306 judex,

303 1322 394 1396 Quid
409 1344 495 1388 nunc
507 1332 540 1387 te
555 1322 663 1388 dicam
676 1321 784 1387 facere
798 1321 833 1386 in
846 1322 980 1406 regione
996 1322 1152 1391 Pedana?

303 1424 455 1491 Scribere
469 1426 559 1508 quod
575 1424 671 1489 Cassi
685 1423 872 1489 Parmensis
886 1425 1044 1509 opuscula
1055 1428 1183 1494 vincatl

303 1525 359 1592 An
374 1528 508 1591 tacitum
523 1528 619 1591 silvas
634 1526 720 1591 inter
733 1537 865 1611 reptare
881 1526 1040 1607 salubres,

252 1630 274 1693 5
308 1629 484 1695 (iurantem
498 1628 654 1715 quicquid
668 1629 804 1715 dignum
818 1628 965 1713 sapiente
979 1631 1132 1715 bonoque
1147 1636 1220 1697 cst?

302 1731 383 1797 Non
397 1741 435 1796 tu
449 1754 570 1817 corpus
584 1753 657 1796 eras
671 1732 740 1795 sine
755 1740 899 1815 pectore.
946 1729 995 1795 Di
1005 1732 1065 1797 tibi
1080 1732 1226 1811 sormam,

301 1832 351 1899 Dt
365 1834 425 1899 tibi
439 1834 568 1898 divitias
584 1832 755 1911 dederant,
770 1842 937 1917 artemque
953 1831 1094 1899 fruendi.

301 1935 394 2010 Quid
409 1946 525 2001 voveat
539 1934 628 2000 dulci
641 1934 804 1999 nutricula
816 1936 922 2019 majus
938 1934 1077 2013 alumno,

302 2037 372 2112 Qui
387 2060 514 2122 sapere,
529 2048 564 2103 et
578 2037 640 2103 fari
654 2038 847 2122 possitquae
862 2038 992 2116 sentiat,
1008 2050 1042 2103 et
1057 2040 1110 2105 cui

240 2141 281 2204 10
302 2140 432 2219 Gratia,
447 2139 543 2217 fama,
559 2138 712 2205 valetudo
726 2140 894 2223 contingat
909 2139 1051 2218 abunde,

302 2240 349 2305 Et
362 2241 503 2306 mundus
518 2242 635 2319 victus,
650 2263 716 2306 non
729 2240 903 2305 deficiente
918 2246 1091 2307 crumenat

302 2343 393 2409 Inter
408 2366 500 2429 spem
512 2365 699 2429 curamque,
715 2344 847 2407 timores
861 2342 947 2407 inter
961 2354 995 2408 et
1010 2345 1087 2423 iras,

303 2445 444 2511 Omnem
459 2448 557 2513 crede
573 2448 659 2511 diem
674 2446 734 2510 tibi
748 2444 907 2509 diluxisse
923 2467 1126 2531 supremum:

304 2547 412 2613 Grata
426 2550 644 2635 superveniet,
660 2570 735 2631 quea
748 2569 815 2611 non
830 2548 1027 2631 sperabitur,
1042 2548 1135 2615 hora.

217 2682 286 2757 (nos,
297 2682 521 2759 Misererstttedniss)
534 2700 577 2734 vos
590 2682 778 2761 teros'elt'indc·
809 2681 876 2731 mins
893 2692 1036 2733 canentem:
1054 2694 1147 2759 reptare
1168 2685 1198 2735 de
1219 2686 1258 2746 iis,
1280 2691 1322 2755 qui
1343 2692 1369 2741 in

217 2758 288 2825 mites
305 2756 388 2825 agitat,
399 2751 546 2863 ubseumgne
564 2764 630 2798 nunc
640 2758 729 2824 rivius,
740 2764 778 2797 sn·
810 2761 882 2821 agris·
893 2762 942 2796 non
964 2756 1053 2797 certam
1065 2765 1138 2823 'vlam
1164 2761 1306 2828 sequuann,
1323 2757 1370 2831 'sed

216 2814 351 2875 diffamas
365 2830 479 2876 rumpere,
517 2829 578 2863 raca
595 2828 778 2928 propltpurrum·
810 2826 884 2859 anrmr
893 2827 967 2861 causa
978 2812 1049 2861 modo
1064 2813 1162 2863 tubane
1174 2816 1281 2867 modom
1297 2820 1369 2870 alsam

217 2875 349 2941 patience
363 2876 432 2927 decet
447 2893 489 2927 ros
503 2877 641 2942 rumperet
680 2878 778 2937 us‚trs·
810 2883 902 2940 partem
920 2876 1044 2926 declinant
1061 2886 1134 2944 atque
1153 2888 1299 2945 evagantur,
1317 2900 1370 2942 aas,

217 2941 502 3006 temesmerejunctum.
534 2942 640 2991 lntimus
648 2942 778 2992 amicorum
809 2942 890 2988 umber
901 2943 1016 2991 kriechen.

217 3018 349 3054 smorcnm
359 3005 458 3055 fratrum
469 3021 549 3057 amore
556 3006 688 3073 comparari
698 3008 777 3057 solet:
842 3008 867 3053 5.
885 3006 1010 3055 curantem
1027 3009 1145 3071 paicqaid,
1156 3016 1213 3059 cett.
1226 3012 1371 3077 cogitantem

218 3067 262 3118 int.
278 3069 357 3134 Epist.
369 3072 410 3128 10,
428 3073 453 3129 4,
470 3074 502 3121 cd
518 3080 594 3120 cetera
608 3088 673 3135 pene
686 3072 780 3138 gemelti
810 3067 840 3117 de
850 3084 889 3126 eo,
896 3085 945 3135 quo
956 3069 1026 3119 modo
1034 3070 1069 3119 vir
1080 3072 1157 3121 bonus
1168 3080 1193 3123 et
1203 3074 1298 3140 sapiens
1309 3088 1372 3131 recte

217 3132 340 3182 fraternis
349 3137 443 3184 enine.
811 3131 1030 3185 vivemetdeorum
1039 3136 1178 3187 muneribus
1189 3140 1317 3203 prudenter
1324 3144 1371 3195 frui

249 3198 291 3247 ³6.
307 3198 419 3248 Pascitur
439 3201 466 3247 iss
487 3208 589 3247 mrum
608 3202 720 3256 reditum,
739 3213 778 3247 so-
809 3196 905 3246 debeat.

217 3260 390 3375 Μ
407 3263 665 3377 atoma...
676 3263 781 3377 ‘tet
811 3262 868 3376 ..t
882 3262 1314 3382 bermetum
1327 3272 1370 3385 “l

321 3361 328 3382 s
1225 3350 1233 3381 l
1250 3350 1281 3383 110
1360 3364 1370 3377 ·

217 3390 285 3439 celeb
344 3407 385 3440 um
407 3392 514 3456 juvenca
537 3409 568 3442 ex
589 3400 644 3442 roto
666 3393 780 3458 pascitur.
811 3398 883 3440 tstes.
1084 3345 1114 3393 μ
1234 3349 1250 3398 q
1302 3352 1347 3385 m

218 3453 259 3502 Sic
272 3470 327 3520 sup.
339 3455 389 3505 Od.
398 3455 417 3512 i,
428 3456 470 3513 ³6,
478 3458 503 3514 2,
515 3472 612 3522 prosper
622 3456 737 3507 Numidae
748 3472 779 3505 er
844 3454 869 3503 7.
885 3456 933 3505 Pro
942 3458 1061 3512 dederont,
1070 3456 1094 3506 in
1104 3457 1212 3523 pluribus
1221 3460 1298 3511 codd.
1307 3464 1372 3538 apud

218 3518 266 3565 ltu
315 3520 339 3570 's
360 3520 450 3572 reditus
472 3523 544 3571 citati
566 3524 680 3585 augete
703 3524 779 3571 debito
811 3518 894 3577 feam,
911 3524 1038 3570 dederunt:
1060 3522 1150 3597 sepius
1164 3533 1228 3573 certe
1239 3528 1371 3589 penultima

217 3534 358 3635 celebrilur.
810 3582 836 3631 in
852 3584 963 3649 perlectis
979 3600 994 3634 s
1009 3584 1042 3635 ud
1057 3594 1158 3651 optimos
1171 3604 1279 3653 quosque
1334 3602 1373 3642 tas

810 3648 950 3713 corripitur;
1022 3649 1074 3715 jam
1089 3650 1178 3701 rectius
1193 3662 1238 3709 est,
1250 3656 1278 3702 de
1294 3669 1371 3716 erant,

378 3710 551 3762 EPISTOLA
568 3714 618 3763 lv.
810 3712 870 3776 quia
887 3713 1009 3779 precedit,
1034 3714 1088 3762 Non
1107 3726 1135 3764 trs
1154 3733 1235 3778 corpus
1256 3734 1307 3767 eras
1324 3724 1373 3771 sine

250 3774 408 3825 familiariter
428 3786 498 3842 poeta
517 3792 548 3825 er
565 3777 666 3827 Tibullo
684 3774 778 3850 querit,
807 3786 907 3838 pectore.
941 3780 1020 3825 Artem
1032 3777 1145 3843 suendi,
1169 3782 1293 3831 scientiam
1315 3800 1372 3850 pru·

218 3848 297 3889 uram
315 3856 381 3889 nunc
394 3850 464 3891 vacet
476 3840 609 3891 scribendis
624 3841 778 3897 carminibus,
810 3840 894 3892 deuter
904 3842 1009 3907 acceptis
1019 3842 1122 3892 fruendi.

218 3920 251 3953 aa
262 3904 358 3954 invilla
370 3920 416 3954 sua
425 3904 615 3971 circumagetur
628 3914 654 3956 et
662 3906 779 3972 sapienter
843 3908 868 3955 Β.
888 3906 980 3962 Versat.
998 3916 1078 3972 optet:
1096 3907 1169 3959 Ovid.
1181 3910 1244 3959 Met.
1258 3912 1300 3971 xii,
1314 3916 1372 3973 200,

217 3969 252 4017 ibi
273 3967 340 4018 dulci
360 3968 410 4018 otio
431 3978 457 4019 et
483 3972 554 4035 genio
579 3987 624 4021 sue
645 3971 778 4035 indulgest.
811 3969 889 4035 Elige,
901 3974 958 4034 quid
975 3988 1070 4029 voveas,
1092 3972 1194 4032 sindo,
1215 3976 1247 4023 Ut
1264 3986 1306 4027 tna
1320 3982 1371 4037 am,

218 4033 386 4147 lleaeTibullo
413 4033 446 4083 ci.
467 4050 521 4102 sap.
543 4037 647 4102 Argum.
668 4035 701 4085 sd
728 4035 778 4085 Od.
809 4051 883 4153 ιὸουοο.
917 4038 1025 4094 Alnmno,
1040 4035 1082 4085 uti
1094 4037 1194 4097 scilicet,
1203 4040 1281 4105 qualis
1298 4052 1325 4095 tu
1337 4061 1372 4103 cs,

219 4112 238 4154 t,
284 4133 291 4147 .
834 4103 860 4147 us'
870 4108 928 4149 cett.

252 4164 276 4211 l.
292 4163 434 4221 Sermonum,
446 4162 581 4219 satirarum,
592 4160 679 4211 humili
688 4170 714 4212 et
722 4163 777 4211 vul·
841 4166 868 4213 9.
886 4164 954 4222 Feri,
965 4162 1041 4221 effari,
1052 4166 1131 4216 verbis
1141 4182 1269 4233 exponere.

217 4226 386 4339 pappiptioss
396 4229 599 4294 conscriptarum:
616 4228 649 4277 ct.
662 4242 716 4293 sup.
729 4228 780 4278 Sat.
841 4230 999 4342 bleddadia'
1011 4228 1139 4345 pimivptet
1150 4232 1235 4347 actirde,
1246 4244 1295 4310 tam
1307 4237 1374 4287 lavor

228 4326 236 4349 s
263 4326 271 4348 s
317 4326 324 4340 ·
971 4326 978 4349 s
1136 4313 1174 4344 VW

203 4406 206 4413 ,
251 4357 277 4404 2.
346 4358 397 4404 tons
412 4356 518 4412 Pedana,
528 4371 602 4422 prope
615 4354 718 4414 Pedum,
730 4357 779 4406 Ls·
809 4307 866 4421 iiius
888 4310 1104 4407 aliorumqanimos
1127 4310 1373 4421 sibieboirciliil,qi¹el

218 4417 247 4530 tp‘i
267 4436 283 4469 o
315 4420 392 4478 ium,
413 4419 475 4470 inter
494 4420 626 4479 Praeneste,
647 4420 732 4478 liber,
754 4428 780 4471 et
810 4420 865 4469 aliis
876 4429 958 4485 gratus
969 4423 1172 4488 atquejucuudus
1181 4436 1228 4477 est.

237 4549 276 4621 Ι3.
289 4518 506 4623 Canetonum
516 4547 780 4624 decessioPsrmensi,
812 4488 960 4615 unblsbddm
977 4486 1374 4631 iniudierlifriivewrbbliigbpbiaui

218 4611 386 4686 drsungnpndo
404 4626 420 4661 a
437 4612 523 4663 Cassio
539 4614 651 4670 Etrusco,
661 4612 713 4664 nd.
725 4629 781 4681 sup.
812 4622 838 4689 et
847 4568 998 4689 assequenda
1008 4630 1086 4672 curas,
1099 4616 1149 4667 sive
1166 4620 1231 4667 mala
1247 4620 1373 4672 imminen-

145 4729 150 4739 Ι
220 4673 343 4734 adstet,
355 4677 395 4731 10,
406 4676 448 4725 62.
812 4686 932 4729 neumas
946 4688 971 4729 ot
986 4679 1066 4729 animo
1083 4684 1236 4756 perturbaris,
1254 4684 1309 4734 vite
1326 4694 1374 4735 tue

251 4742 277 4789 t.
295 4740 410 4801 Temnos,
427 4756 476 4790 noa
493 4740 645 4801 scribentem,
663 4758 711 4792 aon
728 4756 781 4791 car·
813 4743 926 4794 ultimum
938 4744 1048 4807 illuxisse
1058 4746 1184 4807 existima5
1201 4757 1233 4808 et,
1245 4747 1266 4798 si
1279 4766 1327 4799 non
1338 4759 1375 4801 ost
