3659 5892
502 522 568 584 522
881 525 1276 595 EPISTOLARUM

521 674 567 739 35
588 674 714 740 Nescio
727 676 818 759 quod
832 680 979 762 cupiens,
995 679 1119 745 hortari
1133 684 1236 767 coepit
1247 683 1391 749 eundem

587 776 710 841 Verbis
723 802 798 862 quae
812 780 926 845 timido
940 804 1071 866 quoque
1086 797 1220 867 possent
1233 785 1357 850 addere
1372 794 1537 849 mentem:

587 883 610 912 “
619 877 648 956 I,
663 881 760 955 bone,
773 902 840 963 quo
854 883 957 947 virtus
973 896 1029 947 tus
1048 896 1082 949 te
1097 898 1210 963 rocat3
1234 888 1245 949 i
1259 888 1346 971 pede
1361 888 1488 961 fausto,

586 980 738 1045 Grandia
750 982 876 1045 loturus
890 986 1077 1049 meritorum
1091 988 1240 1070 premis!
1287 988 1379 1061 Quid
1397 1000 1470 1052 stus
1479 988 1511 1051 2⁹¹

587 1081 670 1146 Post
683 1082 755 1147 lraec
769 1082 823 1149 ille
837 1097 942 1163 cetus,
958 1088 1162 1171 quantumvis
1177 1090 1331 1167 rusticus,
1348 1096 1370 1125 “
1380 1090 1466 1165 Ibit,

520 1182 565 1246 40
585 1182 653 1248 Ibit
666 1208 717 1262 eo,
732 1210 799 1270 quo
813 1188 873 1265 vis,
888 1190 946 1272 qui
961 1212 1074 1253 zonam
1090 1190 1263 1273 perdidit,”
1275 1192 1392 1275 inquit.

585 1286 701 1352 Romae
715 1290 831 1353 nutriri
844 1290 924 1354 mihi
939 1288 1086 1375 contigit,
1102 1303 1200 1375 etque
1215 1293 1339 1370 doceri,

584 1388 693 1453 lrstus
708 1390 820 1455 Graiis
833 1404 991 1475 quantum
1005 1394 1170 1457 nocuisset
1185 1392 1343 1457 Achilles.

585 1489 749 1575 Adjecere
763 1494 860 1557 bouae
873 1494 972 1578 paulo
983 1494 1057 1579 plus
1071 1496 1152 1559 artis
1164 1494 1318 1573 Athenas,

584 1593 717 1659 Scilicet
731 1607 768 1659 ut
783 1619 913 1680 possem
927 1619 1027 1661 curvo
1041 1598 1234 1681 dignoscere
1248 1610 1384 1675 rectum,

518 1696 563 1758 45
583 1694 697 1780 Atque
711 1699 797 1761 iuter
811 1698 908 1763 silves
924 1696 1084 1763 Academi
1094 1720 1241 1782 quaercre
1256 1720 1378 1763 remm.

584 1797 681 1861 Dura
695 1800 755 1863 sed
769 1822 917 1865 emovere
931 1799 1004 1865 loco
1018 1823 1070 1865 me
1084 1813 1232 1886 tempora
1245 1812 1352 1886 grato,

585 1899 763 1983 Civilisque
776 1902 892 1967 rudem
905 1903 984 1968 belli
999 1903 1072 1967 tulit
1087 1914 1186 1967 cestus
1201 1904 1235 1967 in
1248 1926 1349 1981 erma,

584 2002 724 2067 Caeseris
739 2002 883 2089 Augusti
899 2028 965 2070 uon
977 2028 1174 2090 responsura
1189 2004 1329 2069 lacertis.

529 2134 572 2181 ³2.
589 2135 778 2195 Doriskosesris,
789 2137 933 2194 bonoriticis.
950 2138 1056 2203 splendi·
1088 2138 1183 2194 dmum,
1200 2138 1241 2186 cni
1256 2136 1332 2185 enimi
1346 2136 1439 2187 cultum
1457 2136 1486 2184 in
1501 2134 1651 2201 philosophie

495 2198 548 2257 dix
565 2196 637 2247 eden
653 2201 714 2249 reler
728 2218 829 2251 corones
842 2203 955 2259 murales,
967 2203 1056 2253 obsidi-
1089 2203 1168 2251 studio
1183 2200 1293 2257 debebat.
1311 2201 1456 2249 mollisirno
1475 2199 1652 2265 gnumnnqne

494 2264 586 2318 eunies,
598 2264 708 2321 vallares,
719 2267 817 2321 civicas.
827 2278 883 2315 cett.
1089 2268 1164 2315 enirni
1183 2282 1256 2315 sensu
1274 2266 1414 2331 simpliciter
1430 2276 1457 2313 et
1476 2280 1522 2329 per
1540 2262 1651 2321 lirim

527 2328 569 2374 3³·
585 2329 668 2389 Su«,
680 2330 786 2395 insuper,
796 2342 918 2397 pam.
1089 2332 1168 2378 m
1180 2340 1260 2379 voni.
1292 2331 1371 2379 run:
1387 2329 1500 2393 intellige
1512 2327 1650 2392 ptritoespti-

527 2392 570 2438 3⁴.
587 2393 746 2450 Pretor,dux
762 2396 890 2450 exercitus,
906 2394 971 2443 nnde
987 2394 1057 2443 ducis
1088 2395 1325 2459 enncnjuserssire
1335 2393 1476 2442 scientiein
1505 2393 1511 2401 ’
1540 2392 1544 2401 ’
1610 2390 1651 2437 ndo

495 2456 677 2505 tebemtculum
694 2457 818 2507 dicebatur
835 2463 981 2520 preteriens:
1006 2458 1055 2507 rid.
1088 2459 1240 2507 venarum
1256 2468 1372 2515 vusetnr,
1383 2458 1449 2522 qnod
1469 2458 1571 2505 duobus
1585 2454 1650 2503 ressi-

496 2520 605 2568 Periron.
618 2523 684 2571 Diss.
695 2522 726 2571 de
737 2524 862 2577 Pretorio.
873 2540 898 2588 p.
909 2526 936 2571 8.
1087 2524 1133 2571 bns
1152 2524 1307 2589 sequentibus
1326 2522 1477 2589 exprimitur,
1508 2523 1599 2568 Scilicet
1625 2530 1648 2565 et

527 2586 569 2632 ³6.
588 2586 676 2633 Timido
685 2605 780 2649 quinque,
791 2589 829 2636 rel
840 2587 932 2636 timido.
1085 2604 1167 2649 ponere
1179 2605 1250 2635 cum
1259 2592 1390 2652 dignoscere
1404 2598 1515 2642 metm
1533 2599 1582 2632 nou
1591 2584 1650 2631 enin

526 2650 569 2696 ³9.
599 2651 679 2707 Catu,
699 2662 786 2700 acutus
806 2662 832 2701 st
851 2660 969 2700 emunetre
993 2649 1056 2699 neris
1088 2653 1202 2701 Horatius
1224 2668 1265 2716 per
1286 2668 1382 2699 curru
1403 2660 1428 2699 et
1449 2662 1541 2698 netu·
1562 2662 1649 2711 gearne-

495 2712 576 2762 Mmo·
1086 2716 1165 2773 trians,
1177 2717 1248 2765 cu'ns
1257 2716 1376 2765 elementa
1386 2716 1438 2763 sine
1450 2714 1529 2761 dnbio
1537 2714 1590 2777 jorn
1602 2712 1647 2759 Ro-

527 2779 569 2826 ⁴0.
593 2778 641 2831 Qui
657 2794 733 2826 zonam
754 2782 864 2837 mritis,
880 2788 907 2828 ut
924 2795 970 2843 ego
988 2778 1055 2835 olirn,
1087 2795 1133 2828 nie
1149 2780 1207 2827 imni
1238 2790 1331 2835 ratres
1379 2780 1384 2789 '
1427 2778 1491 2833 ,sed
1508 2777 1649 2825 translates

493 2843 1055 2958 311ξί11111ὛᾶτέὲῖκὶὙῶ
1103 2917 1112 2956 r
1132 2842 1650 2971 ”ttttlttffqttl‘ffiw

493 2948 654 3027 ondit-ivan,
666 2944 759 3021 labrires
771 2982 796 3021 et
808 2944 914 3037 pericula
925 2973 954 3021 de
964 2972 1056 3034 integro
1086 2946 1162 3038 ceptis
1189 2973 1285 3027 recedit,
1313 2945 1409 3021 enisum
1435 2972 1528 3020 dixisse
1556 2969 1648 3018 ridetur·

493 3036 574 3083 subire
593 3036 657 3084 nolo.
690 3039 743 3084 Hoc
760 3038 844 3085 militis
861 3036 958 3086 Luculli
973 3052 1054 3085 exenn-
1088 3038 1137 3095 Qui
1149 3038 1257 3085 virtutem
1273 3046 1415 3101 sequuntur,
1427 3048 1500 3092 reete.
1518 3035 1563 3099 qni
1579 3033 1647 3081 rirtn·

493 3100 561 3165 pluro
577 3100 664 3147 imitari
681 3103 758 3149 voluit
773 3102 896 3149 Horatius.
930 3100 1054 3158 Quemnd-
1087 3110 1135 3150 tem
1145 3100 1266 3157 deserunt,
1277 3119 1348 3149 curun
1359 3101 1399 3149 rie
1409 3100 1536 3149 incedunt.

493 3165 588 3212 rnodurn
599 3166 663 3212 enirn
672 3177 741 3213 catus
750 3166 792 3214 ille
803 3166 901 3214 Luculli
912 3166 988 3221 miles,
999 3180 1055 3213 curn
1119 3168 1159 3214 15.
1189 3165 1255 3213 Inter
1274 3169 1343 3214 sitm
1363 3167 1483 3213 Academi.
1528 3164 1646 3212 aaran

493 3228 524 3277 de
542 3229 634 3292 integro
655 3240 815 3294 comparesset
833 3230 879 3277 sibi
899 3230 964 3277 unde
981 3229 1055 3277 ritern
1085 3230 1149 3279 enirn
1158 3229 1236 3292 (dicte
1247 3230 1281 3279 ite
1290 3230 1321 3277 nb
1332 3228 1403 3277 heroe
1414 3228 1520 3293 quodsrn
1531 3229 1645 3279 Arnim,

493 3302 644 3351 sustentaret,
662 3310 710 3342 non
727 3295 830 3359 amplius
847 3294 938 3342 militie
958 3293 1055 3358 plenum
1087 3302 1114 3343 ut
1125 3294 1197 3341 tradit
1209 3296 1288 3343 laert.
1304 3293 1338 3349 iii.
1357 3294 1396 3353 t),
1416 3294 1466 3341 sire
1488 3294 1645 3357 Gymnas,

492 3357 631 3421 periculose
650 3358 740 3407 slseo
802 3368 918 3415 tractatu
931 3358 965 3405 ite
978 3358 1055 3406 Hore-
1087 3358 1112 3407 in
1124 3374 1173 3422 quo
1183 3358 1278 3406 scholas
1294 3358 1377 3406 babuit
1387 3358 1468 3413 Plato,
1480 3357 1645 3405 luitinernoe·

491 3421 548 3476 tius,
565 3438 620 3471 cunr
635 3437 717 3470 curam
733 3375 841 3471 dimitite
856 3424 996 3470 necessariis
1011 3422 1053 3470 de·
1086 3438 1118 3472 no
1131 3438 1225 3471 nemore
1237 3422 1289 3471 urbi
1300 3423 1388 3471 ricino.

492 3502 580 3551 ponere
609 3498 696 3550 posset,
734 3502 782 3536 non
811 3487 915 3551 emplius
947 3486 1055 3535 versibus
1118 3489 1159 3535 46.
1177 3488 1372 3542 Durnsed,cett.
1403 3485 1452 3533 Sed
1467 3484 1574 3533 inlausta
1589 3492 1644 3551 temj

491 3551 624 3599 scribendis
632 3550 865 3615 operamdarssult.
1086 3567 1143 3617 pore
1164 3566 1203 3599 me
1223 3553 1313 3613 (locun
1332 3550 1445 3613 gentum)
1468 3550 1589 3603 Athenas,
1608 3546 1645 3593 ubr

524 3616 554 3662 41
574 3632 628 3680 sqq.
661 3616 719 3663 Jarn
738 3616 851 3664 Horatius
867 3614 1001 3680 discipline
1017 3629 1053 3662 rn-
1086 3615 1189 3664 suaviter
1207 3614 1385 3669 delitescebant,
1408 3615 1544 3677 relinquere
1565 3624 1645 3681 coeat·

491 3678 589 3737 tionem,
611 3695 660 3744 qun
680 3679 798 3729 educam
818 3688 844 3728 et
868 3680 991 3729 institutus
1015 3680 1051 3727 vir
1082 3689 1146 3728 runt.
1186 3680 1217 3727 ln
1238 3680 1311 3727 verbo
1332 3695 1430 3727 eunome
1452 3678 1593 3743 exprimitur
1612 3688 1644 3721 tts

490 3742 576 3791 doctus
585 3754 610 3793 et
621 3752 691 3809 poete
708 3745 816 3799 evaserit,
831 3746 933 3793 breviter
948 3753 1050 3791 enarrat.
1082 3760 1132 3809 que
1142 3744 1220 3808 quise
1231 3742 1284 3791 loco
1295 3742 1377 3807 aliquo
1387 3743 1411 3789 in
1421 3742 1495 3791 aliurn
1507 3740 1643 3809 depellitur:

492 3808 675 3875 Comparaudus
694 3820 731 3857 est
751 3809 791 3857 hic
813 3808 880 3857 locus
896 3824 953 3857 curn
974 3808 1051 3856 Satira
1084 3809 1136 3856 Lir.
1150 3809 1183 3864 ri,
1195 3809 1236 3863 3³,
1248 3818 1297 3856 turn
1308 3810 1408 3869 percitus
1424 3810 1460 3855 ira
1479 3806 1644 3855 Cnnr'llnslie·

490 3882 557 3920 sexta
566 3874 619 3921 libri
628 3872 705 3939 primi,
710 3872 752 3921 ubi
761 3873 883 3929 Horatius,
889 3872 968 3921 indes
978 3890 1001 3921 v.
1010 3873 1051 3929 71,
1084 3884 1151 3928 tores,
1161 3876 1201 3935 qui
1212 3876 1240 3921 de
1255 3876 1327 3920 medio
1336 3874 1421 3933 plebem
1431 3883 1566 3927 emeterius,
1578 3871 1643 3917 nisit·

491 3950 609 3985 summam
626 3953 717 3991 curam,
735 3953 810 4001 quern
825 3946 892 4001 peter
908 3937 934 3985 in
950 3953 976 3986 se
993 3936 1052 3985 edu·
1085 3937 1207 4001 Frequens
1224 3936 1298 4001 hujus
1310 3936 1376 3983 verbi
1387 3950 1446 3983 usus
1456 3936 1519 4001 apud
1532 3934 1642 3987 Liviumt

490 4000 568 4049 cnudo
578 4010 651 4065 atque
661 4001 790 4050 erudiendo
799 4002 911 4067 posuerit.
924 4002 963 4067 pio
974 4010 1052 4075 grato-
1084 4002 1194 4066 exemplu
1215 4000 1312 4064 collegit
1332 4001 1454 4049 Drakenb.
1476 4001 1507 4047 ed
1531 4000 1577 4049 lib.
1594 3996 1641 4051 xlii,

490 4076 666 4211 ffiaept'tffiqi
673 4075 845 4193 111111ωὲῧὶπὲ
855 4075 935 4195 ⁸¹:qu
944 4064 1053 4187 leiwilil:
1085 4067 1222 4179 wll-29.
1230 4130 1365 4204 'dicitisque
1372 4130 1462 4202 rudere.
1473 4136 1530 4176 cett.
1540 4138 1564 4176 et
1573 4128 1640 4191 (ciri-

491 4196 1055 4321 11121ηέᾞὶῗῖζῖἶῗῐέἶῗΐῗῖξῖιζ
1085 4192 1641 4322 ltlittl⁰tll5⁰lttz²llttltpttlt

489 4337 554 4385 eques
564 4334 632 4387 utque
642 4336 732 4371 unctor
743 4325 815 4372 Semtt
824 4334 957 4388 prognatos.
977 4329 1052 4385 Atque
1084 4324 1173 4385 (tulit)
1187 4322 1285 4370 abstulit
1301 4330 1326 4370 et
1335 4321 1448 4387 protrusit
1458 4321 1483 4369 in
1495 4337 1570 4375 utne,
1583 4327 1594 4383 (
1600 4334 1640 4365 nse

489 4389 573 4444 doceri,
601 4390 681 4438 Iratus
704 4389 785 4437 Graiis
806 4400 919 4452 qnantum
941 4391 1051 4436 nocuism
1084 4388 1235 4449 responsura)
1250 4402 1298 4434 non
1308 4387 1374 4450 peria
1385 4384 1465 4434 lutura
1475 4386 1578 4435 Ceseris
1591 4385 1640 4433 Au·

488 4454 598 4510 Achilles,
612 4472 655 4520 pro
671 4454 774 4517 vulgari,
790 4464 862 4518 atque
881 4452 982 4501 lectione
1001 4452 1052 4499 Ho·
1084 4452 1147 4515 gusti
1161 4455 1174 4514 (
1178 4452 1286 4513 lacertis)
1298 4450 1373 4498 robori
1386 4458 1412 4498 et
1422 4450 1521 4499 viribus.
1553 4451 1638 4497 AEstus:

490 4519 548 4566 meri
561 4520 637 4568 imbui
648 4537 655 4577 ;
671 4534 727 4566 narn
740 4534 782 4583 per
793 4517 899 4566 Achillis
907 4517 966 4565 iram
978 4519 1050 4579 (Hei-
1083 4515 1154 4564 meris
1166 4516 1283 4565 tumultus
1299 4523 1324 4563 et
1335 4515 1410 4563 servu
1420 4514 1508 4579 sepius
1522 4514 1554 4562 sd
1571 4509 1640 4562 animi

488 4582 709 4645 mv—Hnlninlio
724 4583 859 4645 Ἀχιλῆος)
878 4580 962 4629 Iliadis
980 4596 1050 4644 ergu-
1084 4581 1197 4629 fervorem
1215 4589 1240 4628 et
1257 4578 1396 4636 tumultum,
1415 4588 1440 4627 et
1454 4578 1593 4645 proindend
1605 4576 1640 4647 lu3

488 4655 596 4697 mentum
610 4648 757 4711 designetur.
790 4646 859 4694 Bone
874 4647 982 4693 Athene:
999 4660 1052 4709 per·
1084 4660 1159 4694 rorent
1179 4660 1276 4709 quoque
1298 4659 1347 4707 quo
1369 4643 1434 4692 belle
1456 4643 1537 4692 civilis
1556 4655 1639 4691 moren

488 4710 542 4777 cipe
558 4712 606 4761 virn
622 4728 671 4777 qua
686 4710 802 4761 Horatius
817 4711 899 4760 urbem
915 4709 1051 4759 celebratis·
1084 4709 1205 4767 dicuntur,
1225 4708 1372 4759 transfertur.
1403 4708 1432 4757 lu
1451 4722 1552 4765 nrum
1570 4708 1640 4755 Bruto
