3659 5892
451 496 517 561 298
862 496 1185 568 SATIRARUM

470 649 513 715 85
535 650 645 717 Vicini
659 652 811 730 oderunt,
827 654 907 732 noti,
925 654 1019 738 pueri
1033 666 1132 741 atque
1146 657 1275 743 puellae.
1353 730 1359 740 ,

535 754 681 832 Miraris,
696 776 797 839 quum
812 764 848 819 tu
863 767 1000 841 argento
1013 769 1090 843 post
1102 761 1209 825 omnia
1222 784 1338 847 ponas,

535 855 572 921 Si
586 878 680 921 nemo
695 866 841 941 praestet,
856 879 955 942 quem
968 882 1035 925 non
1048 863 1214 941 merearis,
1230 871 1393 933 amorem?

533 957 590 1023 An
606 959 652 1023 sic
668 968 836 1044 cognatos,
851 960 941 1026 nullo
955 974 1073 1027 natrrra
1084 963 1197 1031 labore

534 1061 628 1135 Quos
643 1060 703 1126 tibi
717 1062 785 1139 dat,
800 1062 942 1129 retinere
956 1063 1047 1142 velis,
1063 1088 1258 1153 servareque
1273 1071 1417 1137 amicost

466 1162 511 1227 90
532 1160 651 1227 infelix
666 1184 798 1246 operam
813 1165 946 1248 perdas,
961 1176 999 1231 ut
1012 1166 1127 1252 siquis
1142 1170 1280 1237 asellum

535 1264 575 1330 In
590 1286 704 1349 campo
720 1265 837 1331 doceat
852 1278 1020 1351 parentem
1034 1291 1167 1335 currere
1181 1270 1309 1339 iraenis!

531 1368 686 1453 Denique
701 1368 744 1433 sit
758 1368 832 1433 finis
846 1370 1034 1456 quaerendi3
1056 1394 1188 1459 quoque
1202 1374 1326 1443 habeas
1339 1375 1427 1462 plus,

531 1469 727 1555 Pauperiem
741 1481 867 1537 metuas
881 1473 1000 1550 minus,
1016 1484 1051 1539 et
1064 1474 1159 1540 finire
1173 1475 1318 1543 laborem

532 1571 684 1657 Incipias,
700 1584 807 1657 parto,
822 1575 912 1660 quod
926 1577 1065 1655 avebas3
1087 1600 1130 1643 ne
1144 1577 1257 1658 facias,
1272 1580 1365 1663 quod

464 1674 508 1739 95
530 1674 726 1754 Ummidius,
742 1677 810 1761 qui,
826 1687 892 1741 tam
906 1677 985 1761 (non
998 1677 1097 1763 longa
1115 1692 1167 1747 est
1181 1680 1304 1765 fabula)
1319 1681 1423 1759 dives,

531 1774 580 1842 Ut
593 1777 762 1843 metiretur
775 1801 934 1858 nummos,
949 1780 997 1846 ita
1011 1782 1176 1863 sordidus,
1192 1794 1230 1849 ut
1243 1807 1279 1850 se

529 1878 609 1943 Non
623 1900 765 1962 unquam
780 1901 874 1947 servo
888 1882 1003 1948 melius
1017 1884 1163 1963 vestiret,
1178 1886 1222 1951 ad
1235 1908 1341 1971 nsque

530 1980 726 2065 Supremum
739 1991 879 2069 tempus,
895 2007 937 2050 ne
952 2006 987 2049 se
1002 1987 1140 2071 penuria
1154 1988 1259 2054 victus

530 2083 752 2167 Opprimeret,
768 2087 944 2151 metuebat.
988 2084 1037 2150 At
1050 2087 1139 2154 hune
1152 2089 1271 2155 liberta
1284 2090 1393 2155 securi

445 2186 507 2249 100
529 2186 652 2250 Divisit
666 2186 808 2251 medium
823 2185 998 2252 fortissima
1012 2188 1289 2274 Tyndaridarum.

528 2288 621 2362 Quid
635 2286 680 2353 mi
694 2289 793 2373 igitur
809 2290 939 2368 suades,
955 2301 993 2355 ut
1007 2292 1113 2357 vivam
1126 2292 1281 2371 Maenius,
1296 2304 1354 2357 aut
1367 2292 1426 2372 sic,

527 2391 577 2456 Ut
592 2392 841 2458 Nomentanus?
887 2392 1004 2478 Pergis
1019 2395 1200 2479 pugnantia
1214 2416 1326 2460 seeum

528 2494 705 2559 Frontibus
720 2494 865 2559 adversis
881 2499 1097 2581 componeret
1122 2519 1188 2561 non
1202 2518 1276 2581 ego,
1292 2518 1424 2560 avarum

473 2630 514 2677 00.
533 2628 563 2677 Ts
573 2627 839 2684 murmurandum
849 2630 931 2678 morbo
941 2629 1001 2679 liba·
1033 2630 1166 2691 amnibus3
1188 2628 1276 2680 deiude
1296 2630 1378 2689 verba,
1402 2648 1448 2679 nan
1470 2632 1540 2696 langa
1560 2642 1594 2681 est

440 2702 485 2742 ret.
519 2692 592 2743 Pueri
609 2704 677 2756 atqua
691 2694 790 2756 puella:
812 2693 857 2743 ini.
872 2695 925 2743 Sat.
936 2694 961 2751 ii,
974 2695 999 2753 3,
1024 2694 1115 2759 sadala
1136 2694 1266 2759 (ιιιπιιίο)
1283 2694 1363 2761 inepte
1378 2694 1520 2745 sententiam
1539 2696 1593 2745 fini·

441 2760 497 2815 100,
514 2757 624 2807 lasanum
639 2770 662 2807 ts
678 2773 751 2807 omnes
770 2762 837 2821 pueri
857 2760 1002 2823 sumantque
1032 2768 1093 2820 unt;
1109 2759 1221 2835 denique,
1240 2761 1261 2809 ai
1279 2760 1393 2809 Horatius
1410 2770 1457 2807 tan
1475 2760 1595 2811 omisisset

435 2825 529 2886 puella.
1032 2822 1155 2881 addim,
1175 2825 1239 2874 idem
1261 2824 1365 2890 prosecta
1385 2828 1421 2872 ita
1439 2823 1470 2873 ad
1487 2828 1594 2875 metictas

472 2889 514 2937 00.
533 2887 570 2936 An
580 2890 628 2936 aio.-
645 2885 723 2951 recepi
737 2886 873 2944 lectionem,
884 2903 957 2962 quam
968 2886 1000 2937 ad
1031 2889 1163 2937 amissurus
1180 2889 1273 2939 fuuaet.
1309 2890 1365 2939 Tan
1382 2892 1513 2946 atses-ar,
1526 2899 1553 2939 ιιι
1566 2906 1591 2940 ι.

439 2950 511 3001 fidens
538 2952 708 3001 nonnullorum
739 2951 819 3001 Codd.
845 2951 911 3001 dedit
941 2953 999 3003 Fen.
1030 2953 1277 3019 22,tamfan'lis,at.

440 3016 522 3091 Vulgo
542 3016 666 3080 legebatur
682 3018 715 3065 Aa
730 3019 759 3073 st,
777 3017 816 3067 vel
832 3018 870 3065 An
888 3020 918 3067 st.
950 3018 998 3076 Sia,
1062 3018 1104 3066 99.
1121 3019 1225 3076 Literta,
1236 3033 1307 3084 quam
1320 3016 1400 3067 uxoris
1413 3016 1467 3067 loca
1478 3017 1593 3069 habuisse

437 3096 519 3130 omnta
541 3090 639 3145 argento
660 3081 831 3148 postponendo.
865 3082 940 3131 Nullo
962 3084 998 3130 ln-
1029 3080 1122 3131 videtur
1133 3082 1279 3133 Ummidius.

438 3146 603 3213 lars,sponta.
1064 3147 1120 3196 100.
1140 3148 1275 3198 fortissima
1296 3145 1494 3211 Tyndaridarum,
1516 3145 1593 3195 altera

470 3212 512 3259 90.
530 3210 617 3275 hyetto
634 3224 724 3270 operam
737 3212 831 3273 perdas:
850 3209 956 3277 proiecta
973 3209 999 3259 id
1031 3209 1214 3275 clytemnestra
1223 3208 1303 3286 (quod
1316 3209 1426 3259 maritum
1440 3227 1511 3259 suum
1524 3211 1591 3273 Aga·

438 3290 507 3339 seque
517 3289 578 3323 vano
594 3281 619 3323 et
631 3272 727 3327 infelice
744 3275 823 3323 studio
840 3286 911 3324 tentes
927 3274 998 3324 velis-
1031 3290 1182 3324 memnonem
1203 3276 1315 3340 occidit),
1336 3274 1464 3336 fortissima
1483 3274 1591 3325 omnium

437 3354 495 3403 que,
512 3356 541 3389 ac
557 3338 578 3388 si
594 3337 658 3403 quis,
676 3346 732 3388 cett.
760 3340 883 3389 Parmtem
890 3340 979 3405 frenis
987 3358 996 3401 ,-
1029 3338 1156 3389 liberorum
1163 3340 1283 3406 Tyndari:
1298 3340 1592 3405 Tyndaridarumgenere

436 3405 493 3468 equi
505 3402 579 3461 enirn,
591 3418 639 3451 non
650 3400 720 3459 asini,
731 3412 815 3469 parent
825 3403 913 3453 itania.
1029 3403 1128 3467 quidem
1141 3404 1283 3463 masculino,
1294 3414 1322 3454 at
1333 3406 1441 3453 observat
1455 3404 1590 3461 Bentleius,

469 3470 510 3518 92.
523 3468 997 3533 Qaaennutquaerendsmmdivitiaan.
1030 3468 1072 3516 sed
1094 3468 1220 3535 utriusque
1243 3484 1314 3519 sexus
1340 3469 1434 3527 liberos,
1456 3476 1505 3516 tam
1528 3468 1591 3517 illias

437 3532 547 3581 ῐιιὺοτηιι
559 3533 584 3583 in
595 3532 738 3597 colligendis
747 3532 836 3583 divitiis
846 3532 958 3599 positum.
1027 3547 1101 3597 quam
1109 3532 1179 3591 filios,
1185 3534 1372 3599 complectente:
1389 3534 1469 3582 diuisit
1480 3535 1590 3592 madian,

469 3599 510 3647 94.
528 3600 609 3655 Parta,
620 3614 656 3645 sc.
667 3612 705 3646 ea.
1027 3612 1071 3663 pro
1081 3597 1314 3663 vulgariperoussit.

468 3664 509 3712 95.
528 3663 631 3729 Rejectn
640 3660 735 3725 vulgari
749 3660 853 3711 lectione
867 3662 998 3712 Ummidius
1063 3663 1119 3711 101.
1141 3663 1174 3711 Ut
1184 3665 1259 3711 aivam
1271 3662 1378 3718 Manim,
1387 3671 1429 3709 aut
1441 3664 1481 3717 n'c,
1494 3660 1526 3709 Ut
1540 3660 1589 3709 Na-

435 3730 537 3791 qaidam,
550 3727 605 3777 dedi
620 3741 672 3775 eam
690 3741 798 3791 quamn
815 3726 926 3775 Bentleia
942 3742 996 3791 pro·
1028 3728 1165 3775 mmtanas?
1181 3726 1299 3776 suadesne
1318 3725 1387 3783 mihi,
1404 3734 1432 3775 ut
1446 3740 1500 3789 ego,
1516 3724 1589 3775 εἰιιιιὶ

436 3792 605 3857 punitam,janr
620 3792 669 3840 Fea
684 3790 710 3840 in
726 3798 815 3840 textum
833 3790 936 3857 recepit;
952 3791 995 3841 sed
1027 3791 1135 3839 Manius
1156 3799 1198 3840 aut
1219 3792 1386 3841 Nomentanus
1402 3790 1497 3839 vivam?
1530 3789 1590 3839 Vita

435 3856 504 3921 poem
524 3865 578 3921 post
595 3858 643 3931 qai,
661 3854 725 3920 quod
743 3854 890 3905 referendum
910 3854 995 3905 estad
1026 3854 1149 3905 luxuriosa
1163 3855 1272 3905 homines
1281 3855 1321 3905 isti
1329 3853 1588 3918 bonasuaabligun'e·

435 3923 557 3979 metuebat,
579 3919 756 3970 distinctionem
782 3920 916 3979 minorem
944 3924 993 3983 qui,
1026 3928 1094 3979 rant;
1111 3920 1207 3970 fuerunt
1220 3919 1293 3985 igitur
1308 3928 1413 3985 nepotes,
1425 3934 1538 3983 nequam,
1549 3920 1588 3968 vel

434 3985 545 4049 quamvis
561 3996 609 4034 tam
622 3987 692 4043 diues,
706 3993 734 4033 ιιι
746 4000 855 4033 nummos
867 3985 996 4043 metiretur,
1026 3991 1055 4033 ut
1072 3984 1185 4034 Horatius
1201 4000 1243 4033 eos
1258 4002 1282 4033 ι.
1297 3986 1351 4041 104,
1367 4000 1383 4033 a
1397 3984 1481 4058 pellat,
1498 4001 1528 4031 aa
1579 4020 1588 4041 ,

435 4056 483 4097 tarn
501 4064 593 4105 avarus,
606 4056 634 4097 ut
647 4064 770 4114 nunquam
786 4050 873 4099 melius
889 4064 915 4099 se
930 4064 997 4099 seno
1026 4051 1156 4097 nebulones.
1190 4050 1238 4097 Pro
1254 4050 1355 4099 Meuius
1372 4000 1414 4097 alu
1429 4048 1512 4111 legunt
1527 4000 1587 4096 liz

433 4113 531 4163 vestirst
538 4132 545 4176 ι
563 4122 652 4169 tarnem
670 4129 700 4163 ne
712 4115 789 4164 victus
805 4114 904 4179 penuria
917 4114 997 4180 oppri-
1027 4116 1094 4172 aias,-
1111 4113 1154 4162 sed
1165 4113 1220 4178 quia
1230 4114 1257 4162 in
1267 4130 1322 4163 vero
1335 4111 1452 4178 ejusmodi
1464 4112 1588 4160 hominum

434 4186 544 4236 meretur,
555 4178 586 4228 ad
597 4186 695 4227 martem
706 4194 784 4244 usque
794 4179 925 4228 metuebat.
950 4179 997 4229 Sed
1028 4178 1409 4245 namineperscrutandaoperam
1420 4176 1518 4241 perdat!
1548 4176 1589 4227 De

434 4242 588 4293 Heindorfiua
598 4243 737 4293 samaritae
746 4242 851 4293 ostendit
859 4242 994 4302 lectionem,
1026 4242 1113 4291 Mento
1127 4243 1160 4293 ci.
1172 4245 1223 4292 Sat.
1234 4243 1253 4299 i,
1268 4245 1293 4302 0,
1305 4244 1338 4303 t,
1358 4241 1436 4308 Epist.
1452 4240 1470 4298 i,
1484 4242 1523 4296 15,
1539 4242 1588 4301 263

437 4306 567 4358 Ummidius
593 4310 695 4371 quidm,
724 4308 878 4357 distinctione
905 4308 995 4383 majore
1026 4306 1057 4357 de
1066 4308 1209 4357 Nomemana
1220 4308 1272 4357 Sat.
1281 4307 1298 4367 i,
1310 4309 1390 4367 a‚tl;
1406 4308 1459 4355 Sat.
1470 4304 1587 4365 ti,t‚22;

433 4372 579 4447 postsabula
591 4372 676 4438 posita.
710 4372 858 4487 Atprirnum
871 4374 993 4431 Horatius,
1027 4373 1078 4421 Sat.
1090 4370 1116 4429 ii,
1129 4373 1154 4431 3,
1165 4373 1223 4421 224.

433 4452 476 4499 qur
492 4454 523 4488 ns
537 4438 568 4488 ad
582 4435 697 4502 ignobilia
708 4438 750 4513 qui
767 4454 805 4487 em
816 4436 940 4487 huminum
949 4452 993 4485 no·
1061 4438 1117 4485 102.
1135 4437 1218 4501 Pergis
1226 4439 1361 4501 magnentia
1374 4452 1449 4485 amun
1461 4434 1588 4483 rnatum

433 4501 499 4550 mina
509 4518 615 4568 unquam
626 4511 738 4567 apposuit
747 4506 850 4566 quidam,
860 4501 936 4552 multa
947 4501 993 4551 mi·
1025 4502 1127 4549 aduersu
1141 4502 1288 4562 componeret
1298 4500 1376 4567 pergis
1387 4513 1529 4565 componere
1539 4512 1586 4554 rsa,

432 4579 478 4613 nus
490 4570 588 4641 'quidm
602 4566 756 4642 ¹appositurus
767 4567 850 4617 luisset
860 4566 891 4616 ad
907 4582 995 4616 nornen
1024 4579 1127 4639 quarum
1140 4566 1214 4639 altera
1228 4564 1296 4613 alteri
1311 4563 1429 4642 contraria
1441 4572 1493 4641 est,
1509 4565 1588 4611 amris

432 4627 543 4689 hominis,
565 4648 617 4697 qur,
640 4647 696 4681 cum
720 4640 769 4681 tam
790 4633 855 4681 dives
877 4640 948 4688 esset,
968 4638 995 4679 ut
1025 4632 1382 4695 entmapposrtrsuntprodtga.
1409 4629 1532 4678 Frantrdau
1542 4629 1587 4674 ad·

432 4708 542 4745 nummos
553 4696 708 4757 metirentur,
719 4698 771 4749 sine
782 4696 854 4748 dubia
866 4704 937 4746 notus
947 4695 994 4745 luit
1024 4698 1102 4753 verns,
1116 4701 1283 4761 comparantur
1299 4694 1365 4744 avari
1382 4700 1407 4743 st
1421 4692 1513 4759 prodigi
1529 4706 1587 4740 cam
