3659 5892
633 531 803 599 LIBER
825 532 853 611 Ι,
879 532 930 597 16.

599 887 839 955 EPISTOLA
860 888 958 955 XVl.

574 1119 638 1167 AD
679 1116 985 1173 QUINCTIUM.

291 1297 349 1362 Ns
362 1297 577 1383 perconteris,
592 1295 715 1362 fundus
729 1316 832 1374 meus,
847 1296 969 1381 optime
985 1295 1132 1373 Quincti,

292 1398 384 1465 Arvo
399 1412 513 1486 pascat
527 1400 653 1477 herum,
668 1420 712 1463 an
725 1398 835 1464 beccis
850 1398 1020 1484 opulentet
1034 1396 1139 1478 olirae,

294 1502 458 1580 Pomisne,
474 1524 516 1567 en
529 1504 645 1588 pratis,
660 1523 704 1567 en
718 1500 836 1566 amicta
849 1502 971 1565 vitibus
985 1500 1090 1567 ulmo:

292 1604 462 1669 Scribetur
477 1605 537 1672 tibi
551 1603 655 1670 forms
668 1602 859 1686 loquaciter,
873 1613 908 1667 et
924 1603 1006 1667 situs
1019 1604 1101 1688 agri.

240 1708 262 1770 5
294 1706 451 1771 Continui
464 1716 602 1783 montes,
615 1705 680 1773 nisi
692 1704 910 1771 dissocientur
924 1725 1028 1789 opace

292 1807 407 1887 Valle3
431 1810 490 1873 sed
504 1818 542 1873 ut
556 1808 688 1873 veniens
702 1807 856 1872 dextrum
865 1806 952 1873 latus
967 1806 1128 1891 adspiciat
1142 1806 1204 1884 sol,

295 1912 432 1976 Laevum
446 1902 610 1975 decedens
625 1930 724 1975 curru
738 1908 884 1993 fugiente
898 1919 1044 1993 vsporet.

293 2012 502 2098 Temperiem
515 2011 642 2080 laudes.
687 2010 779 2085 Quid
791 2014 804 2075 t
827 2012 856 2074 si
870 2011 1054 2077 rubicunda
1068 2012 1209 2096 benigne

296 2115 406 2180 Corne
420 2137 537 2201 vepres
552 2124 587 2180 et
600 2135 707 2199 pnsns
721 2112 854 2177 ferunti
877 2114 906 2177 si
922 2134 1062 2198 quercus
1077 2122 1111 2178 et
1124 2113 1190 2179 ilex

234 2218 273 2281 10
295 2217 404 2281 Multa
418 2217 512 2303 fruge
527 2237 641 2301 pecus,
655 2214 758 2282 muln
772 2214 938 2279 dominum
949 2215 1044 2300 jurat
1057 2218 1194 2281 umbre?

296 2320 399 2384 Dicas
414 2317 595 2383 adductum
607 2318 745 2403 propius
760 2316 914 2381 frondere
928 2317 1120 2385 Tarentum.

297 2420 386 2487 Fons
399 2406 509 2496 etiam,
525 2421 594 2483 rivo
609 2419 689 2484 dare
703 2441 820 2485 nomen
834 2418 984 2497 idoneus,
1001 2430 1037 2483 ut
1052 2442 1112 2485 nec

295 2522 460 2607 Frigidior
474 2521 640 2586 Thracam
652 2543 714 2587 nec
728 2522 842 2605 purior
856 2522 978 2586 ambiat
993 2522 1140 2599 Hebrus,

295 2624 431 2689 Infirmo
445 2624 545 2708 capiti
559 2620 631 2687 fluit
647 2622 748 2700 utilis,
764 2620 852 2687 utilis
866 2622 949 2687 alvo.

361 2790 534 2841 EPISTOLA
551 2791 625 2840 XVI.
804 2788 1109 2840 cidesslsnummentinm
1119 2789 1364 2857 lstnstepidovrpors

245 2852 368 2914 uersum
387 2863 512 2921 postquem
529 2856 556 2904 in
598 2854 687 2920 'scipio
698 2854 773 2919 liujus
804 2854 1084 2905 obducstetobumbret.

213 2920 329 2987 speum
339 2920 371 2971 sd
388 2919 531 2980 Quinctium
541 2870 606 2968 vill:
615 2935 667 2969 run
676 2919 772 2992 Sabine
837 2920 863 2967 8.
881 2918 1027 2982 Temperiem,
1048 2936 1083 2971 sc.
1098 2919 1168 2977 seris,
1186 2922 1276 2974 setun,
1293 2924 1322 2967 nt
1339 2916 1364 2967 in

212 2986 285 3035 situm
307 2985 427 3034 coloribus
446 2984 573 3049 descripsit
640 2983 772 3039 cisonium,
805 2996 875 3031 versu
885 2984 961 3048 primo
971 2984 1128 3061 precedentis
1144 2984 1259 3051 Epistola
1268 2982 1366 3033 dicitur.

213 3048 333 3113 quomodo
344 3049 374 3107 is,
385 3048 493 3115 quivere
502 3050 581 3098 bonus
590 3049 674 3097 heberi
685 3057 711 3097 st
720 3062 774 3097 sese
808 3047 888 3101 Quid?
898 3052 918 3097 η’
927 3052 1058 3097 rubicunde
1065 3052 1169 3125 benigne,
1181 3056 1237 3099 cett.
1245 3063 1300 3123 ωηο
1312 3049 1364 3096 Ho-

212 3114 297 3164 bestns
306 3129 359 3164 esse
373 3114 450 3179 eupit,
461 3113 549 3163 sentire
560 3121 585 3162 et
600 3126 670 3176 egere
679 3112 774 3169 denar,
806 3112 881 3161 ratius
897 3111 923 3161 in
940 3112 1000 3163 ville
1015 3129 1068 3169 sna,
1078 3115 1121 3162 nbr
1135 3130 1218 3179 vepres
1232 3112 1364 3163 nrbseundr

213 3194 278 3228 mose
293 3194 338 3228 sno
353 3178 433 3229 docet.
465 3176 506 3226 Ad
516 3177 620 3227 eundem
632 3176 776 3235 Quinctium
806 3191 881 3226 corna
890 3185 916 3225 et
926 3190 1002 3242 pmne
1011 3178 1124 3232 tentent.
1136 3193 1214 3229 suren
1226 3176 1303 3226 etatis
1311 3192 1364 3226 ver·

214 3243 246 3293 11·
276 3242 344 3292 inum
365 3242 455 3309 scripte
476 3251 515 3291 est
533 3241 582 3291 oda
601 3242 657 3290 libri
671 3240 772 3291 soenndi
803 3240 863 3303 rigis
883 3240 1068 3306 deprehendisse
1087 3243 1196 3293 ridetur:
1222 3244 1291 3307 Virg.
1310 3242 1365 3291 Ecl.

293 3308 350 3357 isus.
803 3304 836 3362 iv,
848 3306 891 3361 29,
901 3305 932 3355 dc
947 3321 1018 3356 sures
1031 3316 1109 3366 etate,
1127 3307 1269 3371 lnrssttisqur
1282 3310 1366 3356 nstenr

248 3374 271 3428 l,
282 3374 308 3420 2.
325 3372 423 3421 Fundus
431 3372 589 3419 msus-Arss
598 3378 774 3433 pssuntutrnm
803 3372 910 3431 perdedit
918 3374 1018 3420 sentitus
1029 3389 1084 3421 uon.

213 3433 773 3549 sillsffipsirnmentoinugriscollectodomi·
840 3435 880 3482 lt.
906 3435 986 3483 Mults
995 3436 1082 3501 fruge,
1100 3434 1239 3501 glandibus.
1283 3436 1365 3492 Pecus,

214 3516 273 3614 nudi
283 3508 429 3614 Antssdctn
447 3566 532 3612 nititur
553 3566 624 3622 utne,
644 3562 774 3627 elegsntis·
805 3512 880 3611 mlll.
893 3563 1367 3630 Diccrnddsctum,cett.quodsispsctn

215 3628 274 3679 sime
299 3644 344 3695 pso
363 3626 466 3691 wlgari,
482 3644 515 3677 sn
532 3627 604 3687 vinn;
625 3627 652 3676 in
670 3628 775 3676 arbustis
807 3627 881 3691 hujus
902 3627 1006 3691 regionis
1024 3628 1184 3686 nmoenitstes,
1204 3630 1287 3686 situm,
1305 3628 1368 3677 seris

214 3692 280 3745 enim
293 3700 424 3743 nucum
438 3708 492 3742 urse
507 3692 533 3741 in
543 3691 642 3749 vitibus,
653 3694 773 3748 arborum,
806 3690 952 3757 temperiem,
965 3700 990 3741 et
1004 3692 1158 3749 fertilitatem,
1170 3696 1301 3742 'Parentum
1319 3691 1367 3741 huc

215 3756 774 3886 ffifflnttlt-’tnftttttttttt
805 3756 948 3871 iffil
962 3758 1368 3871 xttttlttldttttt

216 3887 322 3937 suaviter
343 3887 405 3935 vites
430 3884 668 3950 umectent.
690 3901 715 3943 r,
735 3886 775 3946 6),
808 3883 887 3934 Italisr
895 3886 1003 3951 regiones
1016 3887 1129 3935 Horatius
1143 3887 1201 3935 alibi
1212 3902 1309 3951 quoque
1319 3886 1368 3935 Ta·

215 3951 255 4001 vel
271 3952 366 4014 populos
386 3950 482 4015 (Epod.
501 3951 527 4006 2,
547 3949 592 4014 10)
609 3953 722 3999 mss-itare
739 3949 777 3999 di-
809 3949 927 3998 restimm
938 3950 1022 3999 refert:
1040 3950 1074 3999 cl.
1085 3951 1133 4001 Od.
1144 3952 1205 4009 ii,6,
1217 3953 1247 4000 10
1264 3966 1317 4017 sqq.
1331 3950 1367 4007 iii,

217 4026 313 4065 cuntur.
808 4016 835 4072 t,
846 4015 894 4073 665
909 4024 936 4063 et
944 4015 1002 4079 qsis
1017 4014 1043 4063 in
1058 4015 1105 4065 hsc
1114 4030 1210 4065 amoens
1220 4016 1316 4081 regione
1326 4015 1369 4065 ho·

248 4083 274 4128 4.
291 4078 437 4151 laqueetur,
460 4086 489 4126 nt
508 4077 623 4151 loquaces
643 4085 669 4127 et
686 4078 780 4127 verbosi
810 4077 888 4128 mines
904 4079 1018 4129 vivsbsnt
1038 4080 1143 4138 mollins,
1168 4082 1293 4129 Tarentum
1314 4096 1368 4145 sup.

216 4159 271 4195 esse
291 4142 402 4217 spissum·
415 4158 443 4191 sn
459 4141 618 4209 descriptione
638 4141 673 4193 rei
694 4142 775 4191 snimo
807 4144 859 4192 Set.
875 4143 903 4199 ii,
921 4145 946 4200 4,
961 4145 994 4193 34
1006 4153 1105 4217 vocatur
1119 4147 1194 4194 mette.
1237 4147 1370 4194 Adductum

218 4216 615 4334 mdlnffiliiiilusuirmstsituropsca
627 4272 777 4345 Vstietprsr·
801 4208 1370 4331 frolffidllelixilffidiii'cdlitlwliddswm

218 4344 325 4402 terqmm
336 4334 401 4401 quod
410 4343 524 4401 perpetus
532 4350 614 4384 eorum
630 4350 703 4385 senes
716 4335 779 4385 velle
811 4334 959 4394 Bsndusins,
971 4352 1042 4402 quem
1052 4338 1182 4388 celebresit
1192 4338 1307 4389 Horatius
1317 4352 1371 4401 sup.

218 4417 303 4467 opica,
321 4400 416 4455 Ustica,
435 4398 560 4465 interjecta
576 4398 703 4449 dirimitur.
735 4401 780 4449 Sed
812 4399 861 4449 0d.
881 4400 917 4459 iii,
939 4403 969 4451 lt
992 4404 1007 4466 (
1009 4404 1103 4451 idoneus
1124 4407 1190 4460 dere,
1211 4403 1308 4460 Graeoe,
1329 4402 1371 4465 qsi

219 4477 247 4514 ut
256 4469 356 4523 usim,
367 4472 426 4513 cett.
437 4463 568 4522 itstemen,
577 4465 649 4513 utsol
657 4466 672 4529 (
673 4465 780 4527 veniens)
811 4463 876 4528 det),
897 4473 947 4515 tem
969 4466 1066 4538 largiter
1086 4468 1172 4524 fluens,
1192 4476 1220 4517 ut
1241 4482 1306 4531 uque
1328 4480 1373 4515 stra

219 4530 297 4605 oriens
308 4528 547 4579 indertrunseorum
563 4529 628 4578 letus
643 4529 724 4579 radios
738 4529 780 4579 de-
812 4529 891 4604 rirum
906 4530 1070 4595 laniatuque
1088 4547 1175 4581 nomn
1192 4533 1307 4595 Digentia
1323 4529 1373 4602 det,

218 4603 399 4709 struppum
420 4660 536 4715 decedens,
552 4666 610 4707 cett.
636 4622 710 4707 celeri
728 4672 784 4707 voro
813 4595 1374 4733 meppssptpwffipepppppfig:

221 4740 293 4774 curru
304 4723 336 4773 sd
346 4736 458 4771 οοωιω
468 4738 549 4782 ruens,
561 4722 619 4772 lus.
631 4720 734 4771 solvere
743 4737 784 4771 nc·
815 4722 890 4787 crpits
905 4732 933 4773 et
951 4726 1004 4773 elno
1020 4724 1122 4775 salubris
1140 4724 1200 4777 llsit.
1233 4725 1304 4775 Utilis
1323 4738 1374 4790 pro,
