3659 5892
664 488 828 557 LIBER
850 490 878 568 1,
905 489 955 555 10.

322 647 453 733 Nempe
469 646 682 731 incomposito
698 646 767 709 dixi
781 645 867 731 pede
882 663 1015 711 currere
1029 660 1143 707 versus

321 748 447 816 Lucili:
471 750 544 835 quie
559 759 626 813 tam
642 744 750 813 Lucili
762 745 871 812 fautor
885 747 996 830 inepte
1011 753 1073 820 eat,

320 850 369 917 Ut
382 875 448 919 non
462 852 526 919 hoc
541 850 705 917 fateaturl
750 847 799 914 At
814 849 911 925 idem,
928 845 1018 931 quod
1033 843 1100 909 sale
1115 840 1217 907 multo

321 954 449 1019 Urbem
464 952 627 1031 defricuit,
644 951 758 1017 charta
771 949 925 1015 laudatur
940 948 1064 1013 eadem.

269 1056 290 1119 5
321 1055 397 1121 Nec
412 1066 520 1120 temen
534 1055 598 1119 hoc
615 1053 774 1129 tribuens,
790 1051 938 1116 dederim
952 1070 1082 1133 quoque
1097 1057 1224 1125 cetera3
1247 1068 1321 1111 nam
1342 1046 1389 1111 sic

324 1158 372 1223 Et
389 1154 513 1222 Laberi
525 1157 652 1233 mimos,
667 1166 704 1220 ut
719 1154 858 1240 pulchra
870 1162 1033 1238 poemata,
1048 1151 1156 1215 mirer.

326 1260 420 1345 Ergo
435 1281 501 1324 non
517 1259 595 1323 satis
611 1268 673 1337 est,
688 1257 758 1321 risu
772 1255 929 1321 diducere
944 1255 1062 1319 rictum

322 1361 495 1427 Auditoris
511 1358 557 1443 (et
571 1369 622 1423 est
636 1357 788 1444 quiedam
803 1368 911 1422 tamen
926 1355 981 1421 hic
995 1376 1126 1439 quoque
1140 1354 1276 1438 virtus);

324 1462 388 1527 Est
402 1463 563 1527 brevitate
579 1482 673 1545 opus,
689 1469 726 1524 ut
741 1469 852 1525 currat
867 1458 1039 1534 sententie,
1054 1478 1120 1521 neu
1135 1478 1171 1521 ae

262 1566 303 1631 10
325 1564 487 1651 Impediat
502 1563 610 1627 verbis
625 1561 729 1626 lassas
744 1560 957 1627 onerantibus
972 1580 1086 1637 auree3

325 1666 372 1732 Et
388 1688 535 1731 sermone
549 1686 633 1749 opus
649 1675 700 1729 est
713 1663 812 1727 modo
827 1662 924 1739 tristi,
940 1682 1027 1745 eoepe
1037 1662 1164 1746 jocoso,

325 1767 534 1835 Defendente
549 1767 652 1832 vicem
665 1765 764 1831 modo
778 1764 920 1831 rhetoris
933 1774 1032 1848 atque
1046 1771 1165 1849 poetae,

238 1973 292 2031 tuli,
303 1971 446 2023 sententiam
463 1969 551 2022 sufficit
558 1988 566 2033 ς
584 1984 640 2021 uam
657 1984 714 2020 cum
726 1970 797 2029 Cato,
829 1984 864 2027 re,
881 1984 937 2036 que
954 1983 1078 2035 nunquam
1094 1968 1153 2021 catio
1163 1968 1195 2019 ad
1206 1968 1326 2035 liquidum
1338 1984 1392 2035 per-

238 2038 309 2113 cujur
319 2038 345 2087 ia
356 2038 432 2104 primo
440 2051 518 2093 versu,
527 2044 556 2085 ut
567 2034 656 2085 Lucilii
667 2033 799 2085 defensorio
830 2035 888 2085 duci
899 2044 986 2101 potat,
997 2034 1110 2146 erpnidem
1127 2034 1195 2083 nolui
1211 2050 1318 2110 pugpare
1335 2050 1392 2083 cum

238 2111 262 2151 et
278 2118 333 2168 eJuc
348 2102 412 2151 male
432 2101 548 2150 tactorum
558 2115 673 2149 versuum
684 2097 798 2149 emenda·
830 2115 962 2165 quoquam,
980 2108 1057 2148 muto
1073 2114 1155 2148 minut
1170 2115 1227 2149 cum
1245 2116 1306 2155 viro,
1318 2114 1392 2164 quem

237 2166 303 2224 toria,
313 2166 402 2216 mentio
417 2166 452 2221 fir,
470 2164 563 2213 Horatii
575 2172 646 2213 etate
657 2164 743 2213 vixerit
755 2164 799 2228 (de
830 2180 868 2213 me
879 2174 904 2213 et
913 2163 1042 2213 doctiorem
1053 2172 1079 2213 et
1088 2164 1218 2213 acutiorem
1227 2180 1281 2215 ecre
1293 2164 1353 2213 acio.

239 2231 331 2281 Catone
339 2230 445 2287 Valerio,
455 2228 530 2277 nobili
539 2228 633 2277 Horatii
641 2228 711 2277 aemle
719 2244 798 2292 gram-
863 2230 888 2277 4.
908 2229 951 2277 Ert
968 2244 1012 2292 quo
1029 2230 1067 2277 cir
1084 2230 1178 2277 melior.-
1195 2229 1248 2278 brec
1267 2237 1304 2279 att
1322 2236 1393 2279 vetur

239 2292 651 2354 metico,rid.Sueton.deIllustr.
664 2292 799 2343 Grammat.
830 2292 911 2349 lectio,
940 2308 1013 2405 (finam
1040 2292 1158 2342 revocari·
1201 2294 1315 2343 Subtilior
1341 2296 1392 2351 illo,

239 2374 263 2407 c.
275 2361 314 2418 11,
327 2368 434 2425 atquem
453 2357 536 2407 citavit
553 2356 646 2406 Eichrt.
659 2356 685 2405 in
702 2357 799 2405 laudato
831 2356 942 2406 acutiori
963 2356 1078 2421 oequite.

136 2442 141 2449 ·
241 2424 325 2489 Progr.
347 2441 372 2489 p.
394 2426 419 2480 7,
444 2421 585 2471 Wernadori
602 2420 628 2470 in
646 2423 725 2470 Poett.
743 2423 798 2470 Lat.
863 2422 889 2471 6.
907 2420 1176 2486 Erlortotar,parrivor
1194 2420 1392 2486 vidquemleu·

239 2487 304 2537 tuin.
315 2490 346 2537 T.
357 2487 393 2543 iii,
406 2505 430 2553 p.
440 2488 475 2535 46
489 2495 514 2535 et
532 2487 563 2535 61
575 2486 642 2551 sqq.)
656 2485 734 2550 iprum
746 2486 798 2534 llo·
830 2483 897 2534 davit
915 2484 1006 2534 Heind.
1026 2486 1149 2535 Vechner.
1164 2486 1318 2535 Hellenolcr.
1336 2487 1354 2543 i,
1367 2489 1392 2544 1,

240 2552 326 2601 ratium
337 2568 450 2601 versuum
464 2550 562 2599 illorum
580 2559 701 2625 auctorem
716 2549 798 2608 luisse,
831 2552 856 2607 9,
868 2566 892 2615 p.
906 2551 962 2606 116,
974 2550 1012 2599 ed.
1025 2550 1104 2599 Heus.
1119 2549 1162 2599 red
1180 2550 1334 2625 Heindorliua
1350 2567 1394 2618 pro

238 2615 800 2747 communicaturum
831 2614 1394 2745 tittttttnttt·.l5titt¹ttttttt

239 2752 288 2793 tam
303 2744 419 2809 perfrictae
437 2742 520 2793 frontis
537 2742 799 2817 hominemquinobi-
831 2750 900 2792 catru
912 2744 994 2792 ertll.
1006 2744 1295 2802 ermeneumata.
1327 2745 1393 2798 Huic

238 2807 324 2857 liarimi
336 2817 387 2857 tum
401 2806 514 2873 temporie
527 2815 604 2873 poete
619 2808 719 2856 carmini
733 2807 798 2872 ejus·
829 2807 895 2857 euim
906 2806 1002 2856 lectioni
1019 2808 1084 2858 taret
1101 2809 1199 2859 Terent.
1217 2807 1311 2857 Heaut.'
1325 2824 1349 2865 r,
1369 2812 1393 2867 1,

240 2873 305 2922 modi
327 2872 449 2923 exordium
506 2873 584 2921 rarctt
617 2872 673 2921 Jam
696 2886 759 2929 vero,
780 2871 800 2919 ri
831 2872 1394 2936 7tt,odoorooructurrdcto,cdoodeporum,rc.

241 2935 408 3003 quisquerat,
420 2937 462 3003 qui
488 2936 527 2993 sit,
536 2935 602 3000 quod
613 2944 667 2985 octo
675 2934 712 2983 illi
720 2952 802 2985 versus
833 2936 982 2985 verberibuc.

240 3000 266 3049 ia
287 3001 432 3066 quibusdam
460 3000 539 3051 codd.
566 3000 648 3049 omissi
674 3002 747 3049 suutl
774 2999 801 3049 in
868 3002 890 3048 1.
907 3000 1065 3062 incomporito,
1082 3000 1149 3050 band
1168 3000 1201 3049 cd
1216 3000 1353 3066 rhythmum
1368 3012 1395 3053 et

258 3073 351 3131 mmptu
361 3074 406 3124 eet,
417 3066 481 3130 quod
493 3065 515 3114 ei
525 3064 690 3129 respondeam.
719 3065 801 3129 Eques
833 3078 945 3114 numeror
962 3064 1110 3129 composito3
1125 3065 1226 3115 moleste
1241 3065 1306 3115 enim
1327 3066 1393 3118 ince-

239 3081 374 3185 limenas,
387 3130 452 3195 quod
467 3129 583 3179 Horatius
596 3128 671 3177 alium
686 3128 800 3193 equitem,
833 3128 925 3179 debant
938 3142 1022 3177 remur
1037 3128 1141 3189 Lucilii;
1156 3130 1213 3181 hinc
1231 3145 1287 3197 cup.
1299 3133 1350 3180 Sat.
1360 3132 1393 3191 iv,

239 3194 377 3244 verberibus
404 3194 473 3259 quari
499 3194 530 3243 ad
557 3193 672 3242 doctrine
697 3193 802 3242 etodium
833 3196 908 3243 durru
918 3209 1047 3255 componore
1056 3211 1144 3244 omar.

241 3259 401 3325 compulsum,
415 3258 474 3308 ratic
491 3258 575 3308 acerbe
590 3258 801 3307 Grammaticorum
865 3259 891 3307 2.
909 3258 968 3311 Qatr
978 3268 1026 3305 tam
1038 3258 1118 3307 Lucili
1122 3259 1211 3324 fautor
1221 3260 1298 3321 inopte
1308 3272 1355 3310 oct:
1372 3261 1394 3311 ci

240 3328 343 3395 equitum
362 3326 513 3373 doctissimam
532 3337 563 3388 ap
593 3320 670 3378 llnvit,
692 3336 740 3370 non
763 3321 800 3370 in·
833 3321 868 3371 ita
884 3321 980 3387 scripsit
989 3321 1112 3379 uanum,
1123 3324 1176 3379 erit,
1188 3322 1243 3387 quie
1254 3323 1332 3373 fautor
1342 3327 1393 3375 Lu-

241 3386 520 3452 dignettntumtuliese,
595 3384 720 3434 Horatium
737 3402 798 3451 quo·
831 3384 1033 3451 ciliitcmiuepto
1044 3386 1114 3435 modo
1124 3388 1226 3452 catejas
1236 3387 1334 3436 fautori
1351 3390 1395 3440 sed

241 3450 741 3515 qaautvenuailtoadetcrourogaaseat
755 3450 799 3499 im·
830 3451 878 3509 hoc
896 3450 993 3499 duram.
1026 3452 1146 3516 Exempla
1163 3450 1261 3525 quidem
1279 3452 1310 3501 ad
1330 3454 1392 3505 lianc

241 3514 332 3580 poliere
343 3516 446 3566 videtur.
478 3515 594 3566 Horatius
612 3514 670 3572 viro,
688 3515 714 3563 in
731 3516 802 3580 cujus
833 3514 949 3579 loquendi
976 3514 1091 3563 rationem
1120 3515 1287 3565 stabiliendam
1315 3518 1394 3567 alieni

240 3581 319 3644 gretia
336 3596 431 3630 omnem
448 3580 585 3630 felicitatem
602 3593 670 3627 ruam
688 3580 800 3644 ponebat,
865 3589 942 3637 scunt,
962 3594 987 3626 r.
1009 3594 1033 3627 c.
1054 3578 1128 3628 Ouid.
1146 3582 1230 3629 Amor.
1249 3580 1285 3637 iii,
1304 3584 1330 3637 5,
1354 3584 1393 3640 15,

242 3644 330 3709 paruit.
364 3645 466 3695 Videtur
478 3644 549 3708 igitur
560 3644 601 3695 ille
614 3644 707 3701 Codex,
716 3642 742 3691 in
753 3659 801 3708 quo
833 3595 927 3692 Eunu
936 3653 988 3692 crat
998 3660 1067 3691 comer
1077 3646 1140 3698 licio,
1145 3645 1253 3709 feliciter
1270 3647 1311 3693 illc
1321 3650 1394 3695 mari·

240 3723 324 3785 verrup
332 3709 370 3758 illi
385 3710 467 3785 acripti
482 3718 547 3766 aunt,
559 3708 672 3771 integrior
683 3706 756 3757 luisse
770 3708 800 3757 iia
832 3720 869 3758 tur
886 3708 952 3773 (pro,
964 3707 1054 3769 ielir);
1068 3716 1093 3781 ct
1103 3708 1213 3778 Martiel.
1224 3709 1260 3763 iii.
1273 3712 1313 3766 44,
1326 3713 1395 3761 nimir

242 3772 711 3909 tutlttlttt'ttttttttt
727 3773 802 3901 ,ill
831 3782 897 3886 tt
911 3770 1028 3901 itii
1041 3773 1395 3903 ‘tutltttttssttt

242 3901 298 3950 cula
310 3902 395 3965 Nempe
406 3902 544 3969 incipiente,
555 3901 580 3950 id
591 3917 629 3950 me
639 3900 728 3949 dixirim
739 3918 800 3951 non·
834 3910 881 3949 tom
892 3900 973 3949 Lucili
976 3900 1065 3965 fautor
1075 3904 1183 3963 irreptor?

243 3964 302 4013 dum
313 3965 701 4031 poenituit5namadparticulam
714 3966 801 4028 Nempe
866 3966 890 4014 4.
916 3966 1005 4013 Cicrto
1026 3968 1112 4023 cadom,
1131 3965 1157 4016 io
1179 3965 1263 4017 molem
1279 3966 1393 4028 carmine,

242 4029 377 4095 supplenda
394 4030 491 4080 omnino
508 4040 545 4081 eet
562 4030 645 4103 aliqua
666 4030 800 4090 sententia;
833 4028 928 4079 scilicet
938 4029 964 4078 ia
974 4037 1060 4094 quarta
1071 4029 1153 4079 ratim
1388 4078 1395 4087 ,

243 4096 307 4157 quod
317 4110 366 4143 noc
377 4110 438 4160 opus
447 4104 492 4152 eet,
505 4096 526 4143 si
537 4104 591 4143 octo
603 4094 639 4142 rlli
651 4109 732 4143 remus
744 4093 802 4143 huic
866 4095 891 4142 6.
917 4093 1020 4142 Laberi:
1038 4096 1138 4143 Suetoa.
1160 4095 1225 4144 Ceo.
1245 4096 1286 4152 ³9,
1309 4096 1394 4155 Ludis,

242 4158 421 4223 ratiraepraefixi
437 4160 460 4209 le
495 4168 559 4217 ntur,
572 4167 600 4207 ut
613 4158 752 4223 pauloante
763 4175 802 4207 oa·
835 4158 1150 4221 normanorumque
1163 4160 1287 4216 liorrrcuur,
1299 4163 1394 4209 mimum

241 4222 370 4272 tendimua.
403 4225 457 4273 Lau
475 4224 524 4273 avit
538 4222 635 4289 quidem
648 4222 803 4272 Eichatadius
834 4240 902 4271 cuum
911 4226 975 4286 ogit:
992 4225 1133 4285 donatusque
1143 4227 1275 4298 quingenis
1285 4228 1395 4273 sestertiis

241 4286 320 4337 simite
330 4287 427 4336 initium
439 4288 523 4337 Satine
532 4287 607 4337 tertie
618 4286 683 4353 apud
692 4286 801 4336 Persium
834 4298 857 4335 er
874 4289 963 4336 annulo
980 4303 1059 4343 aaron,
1072 4286 1183 4336 Macrob.
1199 4287 1226 4343 ri,
1238 4289 1262 4345 t,
1274 4299 1299 4336 et
1310 4288 1352 4345 vii,
1369 4291 1396 4339 3.

243 4350 345 4415 (Nempe
367 4354 407 4401 lroo
428 4354 567 4414 cuiduri);
588 4350 631 4401 red
652 4352 697 4401 lroc
716 4352 803 4425 probat
835 4352 937 4399 Mimos:
970 4353 1045 4406 mirri,
1073 4361 1184 4416 poemata
1213 4351 1344 4401 lascivioris
1370 4362 1397 4401 et

241 4420 344 4473 matum,
356 4416 467 4466 Persium
479 4416 664 4465 Horatianarum
677 4423 802 4465 cetimum
834 4414 1001 4480 petulantioris
1015 4413 1067 4479 joci
1083 4415 1163 4481 plena,
1175 4416 1213 4467 rel
1224 4415 1336 4465 licentior
1346 4416 1395 4465 lac·

241 4480 377 4545 exemplum
394 4479 420 4529 in
439 4480 550 4529 manha·
565 4479 689 4535 habuirae,
706 4478 731 4528 in
751 4496 801 4544 quo
832 4478 920 4529 civiam
930 4478 1060 4528 imitantia.

242 4557 324 4593 remur
335 4542 372 4593 illi
381 4544 531 4610 pretermiari
544 4546 648 4594 fucumt.
682 4544 744 4603 Quia
758 4559 800 4593 ne·
865 4546 890 4594 8.
908 4544 955 4592 Hic
970 4542 1310 4609 quooaainbacquoqucre,
1328 4542 1394 4593 acili-

242 4606 543 4675 acitautemquamucpe
555 4608 684 4658 imitatore·
695 4624 733 4667 ea,
746 4625 801 4674 quc
833 4617 871 4657 cet
891 4608 918 4657 in
937 4605 1055 4656 movendo
1072 4607 1141 4669 riru3
1178 4612 1258 4659 Vina
1280 4608 1395 4676 (iperii),

242 4670 322 4722 miuus
331 4680 396 4725 recta
405 4680 470 4729 aaut,
480 4672 556 4724 locuti
568 4672 632 4722 rintt
650 4674 762 4723 ceterum
771 4673 801 4724 de
833 4671 1111 4736 menstruorum.
