3659 5892
486 512 554 577 444
867 512 1272 581 EPISTOLARUM·

506 666 552 730 60
573 664 734 731 iniectum
747 664 835 729 volet
849 687 934 744 esse,
950 665 1045 733 dolor
1056 668 1148 751 quod
1161 670 1304 736 suaserit
1316 680 1352 734 et
1364 692 1466 750 mens,

573 766 663 831 Dum
678 788 792 852 poenas
807 768 885 833 odio
899 770 1038 853 pervim
1052 768 1186 834 festinat
1199 771 1314 837 inuito.

571 868 627 933 Ira
640 868 731 933 furor
746 870 854 933 brevis
868 883 938 935 est:
960 872 1103 935 animum
1116 894 1213 957 rege3
1235 875 1305 958 qui,
1320 875 1384 939 nisi
1398 884 1501 960 paret,

570 968 731 1055 Imperat:
754 969 842 1037 hune
857 970 970 1051 frenis,
984 972 1073 1039 huuc
1087 984 1126 1039 tu
1139 997 1310 1059 compesoe
1325 987 1450 1043 catena.

570 1072 680 1157 Fingit
695 1096 815 1157 equum
829 1084 943 1139 tenera
956 1076 1097 1141 docilem
1110 1078 1237 1142 nervice
1250 1078 1408 1162 magister

504 1174 549 1237 65
570 1172 623 1238 Ire
638 1176 721 1239 viam
735 1198 801 1259 qua
814 1188 974 1243 monstret
988 1200 1101 1262 eques.
1148 1178 1341 1257 Venaticus,
1356 1202 1400 1244 ex
1414 1202 1479 1265 quo

569 1276 733 1361 Tempore
748 1279 910 1343 cervinam
924 1278 1043 1364 pellem
1056 1278 1187 1344 intrarit
1199 1280 1235 1344 in
1247 1280 1336 1359 auls,

569 1376 692 1443 Militat
706 1380 741 1442 in
756 1378 844 1444 silvis
859 1380 999 1447 cautius.
1043 1381 1145 1448 Nune
1159 1382 1281 1448 adbibe
1296 1405 1382 1467 puro

569 1480 707 1546 Pectore
722 1482 822 1547 verba
836 1504 931 1566 puer,
945 1504 1034 1548 nune
1047 1494 1082 1547 te
1095 1483 1285 1549 melioribus
1299 1484 1394 1549 offer.

568 1582 646 1657 Quo
661 1582 760 1649 semei
773 1594 825 1648 est
839 1584 964 1649 imbuta
975 1606 1102 1662 reoens,
1117 1585 1262 1649 servabit
1276 1586 1413 1651 odorem

502 1684 546 1748 70
566 1683 670 1750 Testa
685 1687 752 1751 diu.
799 1686 931 1761 Quodsi
944 1708 1066 1765 oessas,
1081 1696 1140 1752 aut
1153 1696 1308 1752 strenuus
1322 1688 1439 1765 anteis,

567 1785 641 1852 Nec
656 1787 785 1855 tardum
800 1789 966 1875 opperior,
981 1810 1043 1854 nec
1057 1789 1322 1874 precedentibus
1335 1790 1433 1855 insto.

887 2109 1132 2176 EPISTOLA
1154 2112 1218 2177 111.

830 2338 888 2386 AD
908 2337 1069 2387 tumuit
1092 2340 1277 2389 rtottuu.

562 2500 644 2563 duur
660 2497 768 2575 Flore,
783 2499 904 2583 quibus
919 2510 1081 2563 terrarum
1094 2498 1211 2565 militet
1224 2502 1291 2565 oris

562 2602 731 2679 Claudius,
748 2600 893 2687 Augusti
907 2602 1089 2686 privignus,
1106 2603 1190 2667 scire
1204 2600 1330 2668 laboro.

473 2774 563 2835 parant
580 2772 654 2821 Tanto
672 2774 744 2834 plura
762 2774 836 2833 cupis.
870 2771 965 2820 ΰσηιιιι
983 2780 1034 2819 uoto
1066 2771 1621 2834 ias‚sequoTemporsoerninanpsi1eniatrs·

471 2848 524 2899 pete
532 2839 620 2901 finem:
636 2844 726 2887 certum
738 2837 809 2885 finem
824 2843 880 2885 ante
894 2834 979 2883 oculos
987 2834 1033 2883 tibi
1064 2838 1100 2883 sit
1116 2838 1143 2883 in
1159 2838 1226 2893 anm,
1243 2844 1370 2901 postquam
1388 2834 1558 2884 ffimulstum
1573 2850 1622 2884 oer-

473 2917 535 2968 pone
553 2901 737 2967 assequendum,
755 2900 787 2975 ad
804 2898 953 2949 notissimum
972 2898 1033 2947 iliud
1065 2914 1122 2948 rum
1133 2901 1215 2973 (maen
1228 2900 1400 2965 nusgestopflen
1415 2899 1518 2973 iiirsein)
1532 2898 1557 2973 in
1570 2898 1623 2974 auia

472 2966 834 3087 mittini
848 2964 1032 3092 iiiiii}
1064 2963 1622 3101 iitt'·ti‘ziuutttssmti⁰tttt

474 3096 535 3150 Quos
551 3098 617 3144 nitra
633 3098 737 3158 citraque
753 3097 832 3157 nequit
848 3096 967 3141 mnsbtm
980 3110 1032 3141 m·
1063 3091 1216 3141 venatoribus
1232 3091 1401 3148 adsimuistnr,
1415 3108 1472 3141 euru
1488 3091 1558 3157 peilrs
1572 3106 1621 3141 est·

472 3168 534 3208 tum:
548 3160 573 3207 in
585 3158 668 3209 eadem
680 3160 731 3208 Set.
739 3176 764 3207 v.
772 3160 814 3214 92,
823 3158 928 3221 Denique
936 3159 1033 3221 utfinis
1062 3156 1121 3229 yina
1131 3157 1256 3268 piamine,
1266 3172 1360 3214 museo,
1371 3163 1420 3206 etc.
1430 3155 1543 3221 impietur
1551 3164 1621 3221 atqua

485 3226 598 3273 uerendi.
1064 3228 1131 3269 tuton
1148 3221 1204 3269 itui.

470 3242 484 3287 q
503 3291 545 3347 5⁷,
557 3290 598 3338 ot.
616 3288 763 3346 Memnone,
778 3305 814 3351 μα
849 3285 953 3343 iussim,
966 3283 1031 3334 inri-
1095 3286 1315 3334 tib-Nnmdbim
1326 3300 1369 3351 pro
1379 3282 1481 3348 vulgari,
1493 3284 1591 3335 imbibe.

469 3352 520 3410 dia,
533 3362 560 3403 ut
571 3354 631 3401 utin
640 3354 764 3408 tabesam,-
835 3366 970 3399 murrum
977 3351 1030 3414 jun
1093 3350 1136 3398 68.
1152 3350 1299 3405 Melior-ibas,
1315 3348 1518 3415 prudentioribus,
1532 3347 1620 3397 docun-

471 3418 569 3485 pulcbre
580 3416 706 3491 respondet
717 3416 768 3465 voci
780 3418 868 3479 opimis.
900 3416 976 3462 Sicuti
990 3425 1028 3477 ty·
1061 3412 1142 3462 ribus:
1158 3412 1345 3479 inprncedente
1356 3413 1620 3478 spissatautm

468 3486 548 3539 renni,
561 3481 700 3531 nominatim
717 3480 837 3535 Phalaris,
849 3478 930 3543 eujus,
942 3488 970 3527 ut
985 3478 1028 3527 Ci-
1060 3488 1083 3525 et
1093 3480 1210 3526 oudinet
1221 3480 1310 3527 meliori
1321 3481 1412 3527 credere
1421 3494 1468 3526 non
1477 3480 1529 3525 vis?

469 3564 524 3597 cero
535 3549 608 3597 Offic.
618 3547 645 3602 ii,
656 3548 689 3595 26
701 3553 789 3599 ramat,
800 3556 884 3607 preter
895 3554 978 3591 ostem
987 3560 1029 3591 no-
1094 3542 1136 3597 70,
1148 3542 1190 3589 tl.
1208 3542 1295 3596 Quodsi
1312 3558 1390 3598 muas,
1402 3549 1459 3590 oett.
1493 3540 1559 3590 Finit
1569 3540 1619 3589 Ho-

468 3614 561 3662 biiitntu
571 3614 707 3662 miclon.
738 3611 915 3657 crudelissimus
926 3610 1028 3655 onnam
1060 3606 1137 3654 ratius
1147 3605 1281 3670 Epistulam
1292 3606 1337 3655 hoo
1348 3607 1406 3661 iere,
1413 3613 1442 3653 ut
1451 3604 1512 3653 mibi
1520 3605 1618 3659 videtur,

468 3687 563 3727 taurum
574 3678 677 3725 habuisse
685 3678 783 3732 dieitur,
794 3690 838 3737 quo
848 3677 908 3721 stom
918 3672 1028 3734 suppiieii
1061 3678 1192 3745 precepto:
1204 3669 1247 3719 sed
1254 3679 1345 3719 eertum
1353 3670 1451 3719 modum
1457 3677 1526 3729 tene,
1537 3668 1621 3733 quodsi

467 3760 536 3792 mutu
548 3745 645 3792 homines
656 3743 781 3794 demittere,
793 3756 821 3787 oc
834 3739 946 3799 nsbJ'iom
953 3738 1027 3800 flom-
1059 3732 1124 3782 enim
1136 3751 1162 3783 rn
1173 3750 1198 3783 re
1209 3742 1321 3799 suseepta
1336 3745 1380 3783 aut
1392 3748 1482 3789 ceam,
1494 3742 1538 3781 nut
1551 3733 1619 3781 nimis

466 3826 527 3856 mam
537 3810 634 3856 iniebat.-
650 3804 683 3855 ei.
696 3804 753 3855 vu.
765 3804 835 3852 Max.
847 3802 881 3859 iii,
893 3802 918 3859 3,
931 3801 988 3849 Ext.
998 3802 1025 3862 25
1057 3805 1083 3847 et
1092 3798 1244 3847 festinantius
1255 3813 1310 3847 aum
1319 3814 1399 3862 urges,
1411 3798 1484 3856 scias,
1495 3814 1533 3846 me
1544 3812 1619 3862 noque

468 3872 500 3929 ir,
511 3875 537 3930 2,
550 3874 606 3921 Erit.
618 3872 644 3919 9.
1057 3878 1113 3911 oum
1130 3862 1290 3921 mantibus,
1301 3878 1380 3929 nequa
1396 3878 1455 3911 cum
1471 3862 1544 3911 nim'u
1554 3862 1618 3911 iesti-

499 3939 541 3987 61.
565 3938 628 3985 Dum
646 3950 722 3997 penos
742 3934 792 3980 odio
809 3946 850 3993 per
865 3932 911 3978 uim
922 3927 1026 3993 festinat
1058 3926 1172 3976 nantibus
1183 3926 1272 3977 tacere.

467 4004 556 4051 inuito:
572 4000 630 4049 dum
647 3998 687 4047 ire
704 3994 830 4062 expiandae
845 3994 884 4043 vel
899 3993 1027 4059 explende

466 4081 540 4115 eausa
550 4063 689 4115 festinanter
698 4061 747 4111 vim
757 4060 836 4109 iniert.
1217 4054 1389 4103 EPISTOLA
1406 4054 1460 4103 111.

498 4134 539 4181 62.
558 4130 614 4189 Qui,
632 4130 678 4175 nisi
694 4136 768 4188 paret,
786 4124 902 4187 imperat.-
919 4119 966 4170 uisi
982 4128 1025 4169 tuo
1090 4120 1151 4169 Haeo
1162 4119 1264 4185 epistola
1278 4118 1401 4182 ingenium
1416 4127 1441 4166 st
1456 4118 1574 4168 rationem
1584 4119 1618 4168 ia·

465 4196 589 4261 subjectus
599 4201 636 4245 nst
644 4190 751 4257 imperio,
763 4188 814 4255 ipse
824 4188 934 4253 imperat.
1054 4184 1176 4233 miliaritm
1198 4182 1231 4232 sd
1252 4182 1357 4231 amicum
1379 4182 1506 4231 scribentis
1526 4183 1619 4247 egregie

497 4260 604 4311 64-67.
622 4258 704 4321 Fingit
714 4272 805 4319 equum,
817 4261 874 4302 cett.
903 4248 952 4300 Sed
961 4264 1022 4315 pue·
1053 4248 1173 4313 exprimit.
1208 4248 1267 4296 Erat
1278 4246 1361 4297 Julius
1377 4246 1463 4295 Florus
1480 4248 1507 4295 in
1522 4246 1619 4297 suborto

464 4326 503 4376 rili
519 4333 599 4382 etate,
609 4321 651 4373 ubi
662 4330 746 4387 pentus
761 4318 841 4367 adhuc
867 4330 938 4365 urum
947 4323 974 4364 et
985 4313 1023 4362 in·
1055 4312 1146 4361 sivein
1162 4312 1279 4361 comitatu
1290 4308 1388 4361 Claudii
1403 4310 1493 4359 Tiberii
1505 4310 1618 4368 Neronis,

463 4401 557 4457 tegrum
572 4397 616 4446 est,
627 4384 709 4436 uirtuti
720 4399 792 4449 opera
801 4332 881 4431 danda
895 4388 950 4440 est3
997 4378 1024 4427 ui
1056 4389 1108 4452 tum
1125 4377 1200 4442 Syrie
1215 4377 1247 4424 ab
1262 4375 1373 4440 Augusto
1388 4374 1504 4449 preteeti.
1526 4376 1620 4449 Rogat

462 4472 559 4523 quoque
571 4464 597 4505 st
609 4466 681 4503 canes
693 4447 794 4499 venatici
806 4457 887 4497 tenere
897 4452 969 4493 aetate
996 4458 1024 4491 n·
1056 4450 1130 4505 rgrtur
1144 4450 1214 4507 poeta
1232 4439 1620 4504 Plomm,utsrbrpsrsenbat‚rn

461 4532 559 4587 guntur.
595 4520 708 4583 Magister
725 4509 854 4579 (domitor)
871 4526 955 4573 equum
971 4507 1024 4572 (ju-
1056 4522 1107 4570 qua
1127 4504 1224 4570 regiona
1243 4520 1308 4577 nuuc
1325 4511 1430 4553 versetur
1449 4504 1578 4577 exereitus,
1596 4512 1621 4552 et

461 4588 560 4663 venem)
567 4586 644 4649 fingit
656 4578 755 4645 (docet)
767 4580 829 4625 utrm
845 4578 879 4623 ire
897 4592 944 4637 qna
960 4588 1025 4636 eques
1057 4570 1117 4683 puid
1128 4586 1206 4619 rerum
1217 4578 1265 4617 tarn
1284 4582 1335 4633 ipse
1351 4582 1426 4631 quam
1439 4576 1512 4617 oeoen
1527 4574 1620 4632 geram.

461 4654 530 4717 (aum
548 4652 595 4711 rra)
609 4654 716 4697 omnstret
729 4640 850 4707 (jubent),
869 4639 893 4687 b
905 4653 928 4687 e.
945 4652 975 4686 eo
990 4635 1025 4685 irs
1082 4636 1099 4683 d
1116 4633 1337 4708 eundem'Florum·
1351 4631 1440 4698 scripu
1457 4640 1494 4681 est
1511 4631 1620 4698 Epistol·

460 4734 509 4785 qno
521 4730 594 4780 eques
606 4727 661 4763 eum
678 4710 767 4759 flectat.
805 4706 1024 4754 Venatum-entu-
1057 4700 1163 4751 secunda
1173 4699 1227 4747 irbn
1239 4694 1348 4747 secundi.
