3659 5892
606 546 776 614 LIBER
799 547 844 626 ll,
869 548 902 613 3.

388 700 555 779 Vocibus;
579 723 715 787 regnum
730 712 763 766 et
779 699 928 767 diadema
944 710 1051 767 tutum

386 802 549 869 Deferens
564 805 620 869 uni
635 805 864 890 propriamque
879 804 1017 883 laurum,

388 906 547 992 Quisquis
560 907 709 992 ingentes
725 906 820 971 oculo
835 908 988 973 irretorto

690 1008 826 1094 Spectat
841 1031 985 1075 acervos.

603 1315 809 1383 CARMEN
829 1317 891 1384 lll.

577 1546 640 1596 AD
679 1546 925 1597 DELLlUM.

348 1722 492 1794 AEeunu
506 1738 666 1791 memento
681 1726 781 1790 rebus
795 1726 829 1790 in
844 1725 957 1789 arduis

347 1824 484 1893 Servare
498 1838 648 1905 mentem,
664 1848 729 1891 non
744 1848 839 1893 secus
854 1827 888 1891 in
903 1827 998 1893 bonis

391 1928 447 1994 Ab
462 1928 613 1995 insolenti
627 1936 839 2013 temperatum

433 2031 576 2109 Laetitiu,
592 2033 747 2096 moriture
763 2030 864 2111 Delli,

294 2134 316 2197 5
351 2132 418 2199 Seu
434 2144 570 2199 moestus
586 2134 833 2219 omnitempore
848 2134 981 2212 vixeris,

349 2235 415 2301 Seu
430 2246 462 2301 te
478 2238 511 2300 in
526 2248 650 2302 remoto
665 2236 810 2321 granum
824 2258 884 2322 per
897 2237 969 2303 dies

167 2423 223 2485 plus
245 2431 303 2471 suut
321 2432 387 2483 pute,
405 2422 458 2483 plus
475 2424 592 2469 sitiuntur
610 2436 687 2485 nque:
704 2419 736 2469 cl.
771 2418 847 2469 Andr.
855 2436 879 2477 t,
888 2423 913 2479 5,
926 2422 955 2469 t:
970 2419 1015 2469 inl.
1026 2421 1077 2469 Set.
1085 2419 1111 2477 ii,
1119 2422 1144 2479 6,
1152 2423 1178 2479 b,
1185 2424 1221 2470 nil
1231 2425 1332 2486 emplius

169 2484 275 2534 Mitseb.
307 2486 411 2549 Aquam
429 2488 480 2536 sibe
503 2485 603 2549 coum
627 2486 736 2549 lengum
768 2500 816 2543 ose,
835 2486 902 2535 Meis
916 2496 980 2543 sats,
997 2488 1044 2535 sisi
1060 2494 1089 2533 sst
1101 2490 1197 2549 propris
1214 2489 1259 2536 lite
1274 2490 1332 2537 ssiii

172 2550 248 2617 Aqua
269 2549 452 2663 lflssmoflgm
467 2564 554 2615 cerpus
576 2557 625 2599 tem
645 2550 737 2616 pellere
768 2566 865 2599 munere
883 2551 972 2617 susis,
999 2550 1042 2600 ubi
1068 2550 1138 2617 plurs
1157 2550 1208 2601 sid.
1228 2552 1254 2601 in
1281 2563 1332 2602 net.

169 2630 246 2679 quem
257 2615 373 2679 languere
422 2615 495 2665 citur.
771 2614 843 2663 Oculo
853 2617 971 2672 trsstuts,
978 2615 1033 2665 be·
1040 2624 1112 2673 secte,
1119 2615 1229 2682 ὄμμασιν
1240 2618 1332 2683 ὀρθοῖς,

205 2680 316 2728 17-24.
332 2679 433 2747 Sapiens
450 2681 524 2743 lunge
540 2678 608 2729 stisu
623 2694 652 2728 sc
669 2679 737 2755 plebs
767 2676 1193 2747 demptaptmmptrmpmt,
1203 2698 1252 2732 nun
1269 2684 1331 2731 invi·

169 2742 202 2793 de
212 2743 339 2800 felicitate,
350 2760 404 2809 que
419 2744 504 2795 virtute
517 2743 616 2819 peritur,
624 2743 736 2809 judium
768 2742 853 2793 derum
871 2759 945 2801 mere,
956 2743 998 2809 qui
1013 2760 1072 2803 rem,
1084 2745 1123 2794 cui
1139 2745 1255 2803 invident,
1267 2746 1332 2797 bsud

170 2824 217 2859 nee
230 2808 362 2857 Phristem
371 2808 434 2867 ideo,
445 2810 510 2876 quod
524 2824 550 2858 tu
565 2824 664 2874 regum
675 2810 736 2859 Per·
768 2808 848 2866 rectis,
866 2808 909 2861 sed
928 2809 960 2858 sb
977 2824 1007 2860 ee
1023 2808 1123 2869 retortis,
1141 2809 1167 2861 b.
1183 2826 1207 2862 e.
1224 2811 1288 2861 limis
1308 2820 1333 2862 et

170 2873 266 2923 tbienm
283 2873 405 2923 restitutus
418 2874 458 2931 sit,
469 2874 496 2925 in
505 2888 604 2925 censum
615 2874 736 2923 beatem
768 2871 856 2924 luridis
866 2874 945 2925 oeulis
963 2874 1106 2941 sdspieiunt.

170 2938 257 2988 refert:
270 2938 390 3003 idemque,
399 2940 511 3005 prebens,
519 2938 597 2989 selum
607 2952 663 2988 eum
674 2946 737 2989 recte

170 3002 222 3052 diei
238 3018 311 3078 pqsse
325 3018 413 3069 regern,
424 3013 449 3054 et
458 3003 559 3055 summis
567 3002 661 3053 virtutis
674 3020 736 3117 pir:-
802 3066 885 3117 Demo
913 3003 1092 3134 qcnltnurt
1109 3002 1162 3052 ΙΙΙ.

171 3068 229 3117 miis
246 3068 349 3133 dignum
362 3084 423 3125 esse,
441 3072 484 3145 qui
503 3069 573 3119 nulle
588 3068 659 3135 plene
717 3068 722 3079 '
931 3068 957 3118 ui
976 3078 1027 3118 tum
1045 3068 1077 3117 ub
1094 3076 1235 3133 presentem
1253 3083 1332 3119 tensm

170 3132 261 3181 tirsum
272 3148 303 3181 cn
322 3131 404 3183 'ditate
414 3142 440 3184 et
449 3134 540 3184 invidis
551 3140 673 3197 ungetur,
686 3148 736 3183 rec·
769 3146 866 3181 suerum
876 3140 968 3182 statum
978 3132 1079 3181 tristitie
1091 3148 1118 3181 se
1131 3131 1257 3183 tradidisse
1267 3134 1332 3184 ride·

171 3196 739 3328 teruennenses
769 3194 1333 3326 transcendente·

174 3327 302 3383 Phraates,
314 3342 357 3376 rex
365 3327 522 3387 Perthurum,
532 3344 588 3377 cum
599 3326 741 3377 insolentius
771 3326 892 3375 cummuni
902 3326 1018 3376 moriendi
1033 3326 1174 3377 necessitate
1185 3336 1240 3375 ente
1250 3326 1334 3377 ocules

171 3399 199 3441 et
214 3390 338 3441 crudelius
352 3406 379 3441 se
393 3394 512 3457 gessisset,
524 3408 539 3441 s
550 3392 599 3441 suis
608 3392 740 3467 expulsns3
772 3389 818 3439 sibi
829 3391 914 3457 positu,
926 3389 982 3440 ritu
989 3390 1190 3457 jucunditatibus,
1199 3391 1257 3440 dum
1267 3392 1334 3451 licet,

173 3455 293 3505 sedidem
303 3456 399 3515 deinde,
411 3458 551 3523 Scytharum
567 3454 741 3522 suxilru,quod
773 3455 891 3520 supienter
901 3455 1047 3530 perfruetur.
1080 3456 1121 3507 De
1134 3472 1183 3521 que
1193 3456 1290 3523 quidem
1304 3456 1335 3507 ad

173 3520 354 3589 implorarent,
372 3530 527 3579 sustentetus,
546 3524 579 3573 U.
590 3523 621 3571 C.
634 3536 740 3571 nccxxx
769 3518 922 3585 jucundioris
940 3521 996 3570 vite
1011 3521 1114 3570 fructum
1133 3528 1256 3587 spectante
1274 3538 1335 3587 pree·

173 3585 200 3635 in
214 3600 319 3651 regnum
332 3586 453 3636 restimtus
465 3597 515 3637 est:
532 3587 581 3636 vid.
593 3585 643 3635 Die
653 3586 680 3645 li,
695 3588 740 3635 ld:
773 3590 852 3650 cepto,
862 3586 952 3652 sepius
966 3594 1092 3635 novusne
1108 3586 1139 3635 sb
1153 3586 1253 3636 Hemtie
1269 3602 1336 3653 repe·

172 3650 208 3699 cf.
224 3666 280 3716 sup.
295 3649 327 3699 sd
343 3650 362 3707 i,
373 3652 416 3708 26,
427 3654 453 3701 5.
487 3653 546 3716 Cyri
561 3652 625 3707 sotio,
642 3650 741 3717 imperio
773 3648 826 3705 tito,
846 3664 958 3717 compen
975 3666 1003 3699 su
1023 3683 1029 3698 .
1047 3650 1091 3699 lib.
1109 3650 1126 3707 i,
1145 3664 1219 3699 mnu.
1236 3652 1251 3699 4
1268 3658 1294 3700 et
1310 3654 1336 3701 9.

174 3714 286 3771 Persice,
298 3730 341 3780 pru
356 3715 477 3774 Parthico,
490 3726 591 3783 utsepe
606 3716 686 3764 Perse
698 3730 741 3781 pro
774 3712 832 3764 Fuit
853 3724 932 3765 eutem
955 3716 988 3775 Q.
1031 3714 1104 3764 ellius
1125 3714 1196 3764 bomo
1214 3716 1294 3764 vuius
1313 3726 1338 3765 et

173 3779 291 3829 Parthis:
309 3794 365 3845 sup.
375 3779 392 3837 i,
403 3782 429 3837 2,
440 3782 482 3839 22,
493 3790 518 3831 et
527 3782 569 3841 tl,
582 3780 623 3829 15.
655 3780 740 3831 Beate
773 3776 921 3837 inconstnns,
933 3782 1086 3843 bellorumque
1102 3782 1215 3836 civitiun,
1227 3790 1336 3829 utrocu-

172 3862 243 3893 rusn:
263 3846 350 3893 Senes.
366 3844 443 3909 Epist
457 3846 499 3901 ts,
515 3848 593 3894 beatus
606 3860 652 3891 non
666 3848 685 3893 is
699 3854 742 3901 est,
774 3850 813 3893 tur
824 3860 837 3893 u
850 3845 958 3894 Messsle
973 3844 1037 3910 spud
1053 3846 1138 3893 Senec.
1150 3846 1220 3893 Sues.
1232 3844 1249 3900 i,
1262 3846 1287 3903 6,
1297 3848 1336 3893 de-

172 3926 241 3973 qrsesss
252 3910 338 3973 uulgus
349 3911 570 3975 appellet,udqueus
581 3924 665 3973 mugitu
672 3926 742 3973 pecu·
773 3910 848 3958 ultor
855 3927 864 3969 ,·
882 3908 911 3959 tle
927 3923 977 3973 que
994 3908 1044 3957 vid.
1057 3908 1123 3957 Vell.
1140 3910 1235 3959 Psterc.
1251 3909 1277 3967 ii,
1295 3911 1337 3968 84,

174 3976 217 4021 sss'u
227 3974 341 4038 eenflust't
348 3992 357 4033 ,·
375 3976 413 4022 ud
430 3976 480 4033 ills,
492 3978 531 4024 essi
544 3977 625 4023 benum
640 3990 703 4022 unus
717 3977 743 4023 s'n
774 3982 800 4023 et
810 3972 886 4022 Dion.
898 3973 958 4030 xlix,
971 3975 1012 4030 39,
1023 3972 1106 4038 ibique
1117 3972 1262 4023 Fabricium.

174 4041 253 4086 suisne
273 4048 316 4093 est,
338 4048 436 4096 uetus,
456 4042 563 4096 nunus,
583 4048 606 4086 et
628 4040 744 4087 mirabilis
810 4039 883 4087 l-e.
915 4038 1015 4101 Quum
1045 4049 1162 4095 πωπω,
1192 4046 1249 4087 cett.
1277 4057 1340 4089 mens

173 4105 278 4151 ealuuns.
315 4102 396 4153 Virtus
415 4118 540 4167 personum
561 4102 672 4161 doctoris,
693 4102 743 4153 sive
775 4120 849 4167 aeqssu,
860 4118 915 4177 quse
926 4102 1022 4152 fortune
1036 4102 1135 4151 susem
1150 4102 1215 4151 bsud
1228 4103 1259 4153 de
1274 4112 1339 4154 stetu

174 4166 302 4233 sepientis,
310 4166 406 4216 virtutis
416 4168 541 4235 preceptis
552 4166 647 4225 imbuti,
656 4166 744 4217 induit.
776 4182 821 4216 sue
831 4168 953 4232 dejicitur,
964 4167 1006 4217 sed
1017 4167 1043 4215 in
1058 4181 1087 4217 es
1101 4166 1147 4215 sibi
1161 4175 1262 4227 constet,
1274 4184 1340 4219 um-

177 4232 340 4295 Populumqus
349 4232 423 4297 futsis
435 4233 535 4282 Dedecet
549 4235 586 4281 uti
604 4232 746 4289 Vetilium
794 4248 825 4281 ue
853 4232 970 4299 patienter
994 4231 1047 4281 sert.
1093 4232 1170 4281 liebus
1196 4236 1222 4281 s'rs
1248 4236 1341 4283 arduis.

208 4296 295 4371 pulum
314 4295 433 4361 deportem
449 4297 519 4372 jubet
537 4296 618 4353 tusas,
639 4312 698 4362 quus
715 4295 746 4347 de
777 4248 824 4345 llss
836 4299 925 4354 ardue,
936 4313 992 4361 quse
1002 4295 1183 4347 difficultatibus
1195 4296 1341 4347 bsudfscile

176 4312 292 4411 lelium
317 4360 425 4409 humens
451 4362 581 4419 imbiberit,
608 4361 745 4411 wntentius.
778 4360 919 4429 superandis
939 4376 983 4409 nes
1002 4360 1143 4475 impediunt,
1161 4377 1198 4412 res
1218 4361 1298 4411 dubie
1317 4371 1343 4411 et

178 4426 304 4483 mrum,
329 4425 423 4489 insigne
443 4425 503 4491 regii
522 4425 636 4487 honoris5
660 4436 746 4485 tutum,
779 4424 1040 4491 periclitaremur
1079 4428 1099 4474 ti
1109 4436 1259 4489 temperatum
1269 4426 1342 4475 Leti-

176 4489 243 4555 quud
258 4489 321 4556 eripi
338 4490 432 4556 nequit.
467 4492 599 4554 Proprium,
610 4505 748 4557 perennem,
781 4494 825 4547 tia,
841 4491 866 4539 h.
877 4506 900 4539 e.
911 4489 946 4539 its
956 4490 1047 4540 tutione
1060 4504 1087 4539 se
1098 4489 1148 4555 regi
1163 4491 1300 4557 patientem,
1311 4506 1343 4541 ne

178 4564 306 4604 eternam:
324 4554 380 4605 Cic.
398 4564 453 4621 post
467 4555 533 4605 tter.
547 4556 573 4605 in
588 4558 669 4605 Senst.
684 4558 709 4611 4,
721 4556 746 4604 Ss'
778 4554 920 4605 insolentius
930 4554 956 4603 iu
970 4570 995 4605 re
1009 4554 1115 4604 secunde
1126 4570 1151 4603 se
1163 4564 1237 4619 geret,
1250 4555 1340 4604 nimie-

177 4622 543 4683 s'ltud-perennesepreprissns
557 4623 746 4683 munerepstuis·
777 4637 827 4686 ¹que
845 4636 870 4670 ee
886 4618 959 4669 dedet
974 4620 1073 4669 letitie.
1106 4620 1147 4670 Cl.
1160 4620 1260 4669 ttitsch.
1277 4636 1343 4669 curu·

177 4696 225 4743 ειη
243 4686 314 4735 etsie
327 4700 445 4751 pessume
456 4692 481 4735 et
492 4694 586 4735 eterne
596 4685 693 4735 deorum
705 4701 747 4733 vo·
797 4695 847 4735 urst
866 4684 945 4734 Grotii
965 4686 1077 4750 Excerpt.
1096 4692 1156 4747 trag.
1178 4700 1203 4749 p.
1223 4686 1282 4742 909,
1303 4686 1343 4734 ubi

178 4749 284 4817 lnptetes
303 4754 405 4815 proprie
428 4749 542 4801 dicuntur
566 4750 629 4816 apud
652 4752 748 4802 Terent.
781 4702 905 4801 lacertus:
923 4749 1031 4814 Ἀγαθός
1046 4750 1112 4815 ἀνὴρ
1129 4748 1218 4815 λέγοιθ’
1235 4750 1248 4799 ὁ
1267 4748 1345 4816 pipam

762 4831 778 4864 u
