3659 5892
569 1058 1049 1164 PRAEFATIO

507 1368 568 1422 rr>
589 1367 765 1424 smmrs
789 1369 844 1425 m
866 1369 1105 1426 rprsroms.

233 1909 294 1976 Fur
317 1909 438 1988 adhuc,
460 1907 581 1987 fateor,
605 1929 705 1972 vanus
731 1909 920 1994 promissor,
939 1911 1002 1991 vel,
1027 1923 1066 1977 ut
1088 1912 1205 1980 Cicero
1225 1911 1384 1999 loquitur,

180 2117 183 2122 1
231 2029 329 2094 butue
350 2029 518 2115 infitiator.
574 2027 683 2092 Lento
704 2027 791 2092 enim
812 2027 920 2093 animo
942 2031 1076 2114 porrexi
1100 2053 1209 2110 aures,
1231 2053 1314 2117 quaa
1339 2035 1384 2100 ad

230 2170 279 2218 me
297 2126 568 2226 monendumfut
587 2146 697 2211 datam
718 2145 761 2210 de
782 2146 920 2213 edendis
941 2145 1074 2212 Horatii
1092 2146 1210 2214 Satiris
1228 2159 1264 2216 et
1283 2149 1384 2238 Epis·

231 2265 302 2331 tolia
323 2266 426 2332 fidem
453 2265 667 2343 exsolverem,
690 2287 757 2330 non
786 2263 890 2330 solum
913 2265 1026 2330 Sosius
1046 2265 1295 2347 bonumeam,
1321 2271 1383 2336 sed

230 2385 325 2450 etiarn
347 2386 455 2463 amici,
473 2407 613 2470 quorum
634 2383 771 2448 multum
793 2383 884 2468 apud
905 2405 958 2449 me
976 2381 1063 2448 valet
1081 2385 1271 2464 auctoritas,
1293 2387 1384 2454 velli·

231 2515 349 2569 carent.
395 2502 559 2580 Tandem,
573 2522 647 2567 cum
665 2511 862 2588 reputarem,
875 2523 928 2566 me
934 2501 1005 2586 jem
1018 2500 1148 2586 longius
1162 2524 1183 2567 a
1196 2505 1382 2572 carceribus

231 2633 387 2688 remotum
401 2619 498 2687 celeri
514 2620 600 2706 pede
614 2619 657 2686 ad
672 2619 793 2686 calcem
808 2617 941 2696 deferri,
955 2640 998 2684 ne
1011 2617 1093 2684 lenti
1105 2617 1385 2718 inlitietorisnota

233 2741 322 2806 famae
334 2763 416 2806 meoe
436 2750 513 2826 post
535 2737 603 2804 fata
628 2737 823 2816 adhereret,
838 2759 904 2804 non
919 2735 1056 2821 amplius
1070 2758 1178 2802 mortu
1192 2742 1382 2821 nectendas,

234 2860 290 2926 sed
304 2835 386 2924 ¹rem
415 2867 546 2923 strenue
575 2856 795 2942 peragendam
821 2879 896 2923 esse
925 2854 1084 2922 intellexi.
1127 2855 1254 2943 Appuli
1281 2860 1382 2945 igitur

234 2977 370 3042 animum
393 2977 443 3042 ad
470 2976 604 3042 Horatii
641 2975 766 3041 Satires
800 2985 836 3040 et
873 2974 1047 3061 Epistolas
1078 2973 1176 3040 simili
1204 2973 1286 3054 fere,
1314 3000 1382 3063 quo

235 3095 383 3162 Carmina
400 3094 533 3160 Horatii
554 3093 674 3180 Lyrica
695 3093 858 3160 illustrare
881 3094 1005 3172 studui,
1019 3094 1249 3160 commentario
1262 3095 1383 3162 instru-

235 3214 341 3282 endas.
386 3211 477 3278 Ante
492 3211 604 3278 oculos
623 3223 734 3278 autem
752 3211 855 3278 habui
876 3211 1023 3297 inprimis
1037 3213 1160 3278 tirones
1173 3223 1209 3279 et
1220 3213 1383 3298 ejusmodi

235 3331 360 3398 Horatii
374 3330 527 3408 lectores,
541 3331 599 3415 qui
618 3341 726 3416 poetes
749 3330 927 3396 sententiaa
947 3351 1123 3416 earumque
1136 3351 1257 3396 nexum
1270 3331 1383 3416 potius

237 3450 416 3535 perspicere
438 3458 471 3512 et
494 3447 662 3528 imbibere,
685 3471 783 3534 quam
806 3449 920 3514 doctas
943 3460 978 3514 et
998 3449 1128 3514 criticas
1143 3449 1381 3535 disputationes

238 3569 390 3652 inspicere
409 3575 448 3630 et
470 3587 667 3651 cognoscere
690 3569 838 3653 cupiunt,
863 3568 982 3634 similes
1006 3567 1075 3634 fere
1101 3569 1298 3645 sitientibus,
1324 3569 1382 3653 qui

198 3727 201 3740 ‹
239 3707 289 3751 ora
308 3707 369 3750 sua
390 3683 514 3749 malunt
537 3705 620 3770 pura
645 3687 873 3770 pretereuntis
898 3687 961 3752 rivi
985 3709 1073 3772 aqua
1095 3687 1259 3773 proluere,
1283 3707 1382 3770 quam

239 3813 324 3870 antea
338 3803 381 3868 de
401 3802 485 3880 loco,
500 3803 559 3868 ubi
576 3801 650 3868 lons
672 3804 733 3869 rivi
755 3803 867 3882 lateat,
888 3803 1025 3871 sollicite
1048 3827 1206 3890 qurerere.
1251 3804 1382 3870 Horum

239 3921 384 3988 lectorum
407 3921 508 4006 igitur
530 3932 683 4007 respectu
703 3921 829 4002 habito,
844 3924 985 4008 primum
1004 3945 1138 4008 operam
1156 3922 1236 3988 dedi
1254 3934 1292 3989 ut
1311 3934 1382 3990 tex-

239 4049 307 4120 tum,
322 4048 480 4126 quantum
495 4037 568 4104 fieri
581 4051 705 4125 posset,
720 4040 929 4106 emendatum
947 4052 982 4107 et
1001 4065 1023 4107 a
1036 4041 1122 4106 vitiis
1136 4039 1383 4126 typographicis

240 4169 401 4244 purgamm
428 4157 612 4224 redderem.
672 4158 748 4224 Jarn
767 4181 856 4238 vero,
879 4181 954 4226 cum
982 4161 1017 4225 in
1043 4159 1178 4225 Horatii
1205 4159 1323 4224 Satiris
1347 4171 1383 4226 et

241 4277 384 4364 Epistolis
414 4288 481 4342 tem
508 4287 635 4342 veteres
662 4277 801 4344 Codices
826 4301 925 4364 quam
948 4280 1093 4364 antique
1116 4279 1381 4368 recentioresque

241 4396 382 4463 editiones
402 4396 527 4462 mirum
550 4396 584 4459 in
605 4395 737 4461 modum
759 4395 907 4464 lectionis
922 4397 1080 4463 varietate
1094 4396 1180 4462 inter
1202 4417 1239 4462 se
1257 4396 1380 4462 discre-

241 4525 312 4600 pent,
325 4537 380 4582 eas
393 4515 570 4591 lectiones,
585 4536 658 4598 qute
673 4513 852 4580 secuudum
866 4515 997 4580 additas
1010 4515 1153 4581 rationes
1167 4513 1381 4600 prreserendae

238 4633 300 4702 nihi
318 4635 524 4702 ridebantur
546 4609 802 4718 esurisuelegi
825 4644 858 4699 et
879 4644 1010 4700 secutus
1034 4632 1235 4700 sum-Nec
1257 4634 1382 4700 medio-
