3659 5892
477 510 543 575 388
885 504 1207 572 SATIRARUM

479 661 545 727 210
568 662 756 729 stultitiane
770 672 869 738 erret,
886 660 1023 725 nihilum
1036 658 1184 736 distabit,
1199 680 1243 721 an
1256 658 1315 721 ira.

565 763 666 849 Ajax,
681 786 782 847 quum
796 762 973 826 immeritos
987 760 1120 836 occidit,
1135 758 1269 843 desipit,
1283 780 1405 842 agnos,

569 864 683 937 Quum
696 864 842 949 prudens
858 861 965 927 scelus
978 864 1023 927 ob
1036 860 1150 926 titulos
1164 860 1309 925 admittis
1323 861 1448 934 inanes,

568 965 644 1029 Stas
654 967 783 1029 animo?
798 975 832 1029 ct
843 986 962 1049 purum
970 972 1022 1027 est
1032 962 1112 1025 vitio
1122 962 1194 1039 tibi,
1203 982 1305 1044 quum
1315 960 1477 1024 tumidum
1486 968 1550 1037 est,
1559 964 1631 1025 cori

569 1066 693 1151 Siquis
707 1065 824 1131 lectica
839 1065 974 1130 nitidam
987 1074 1117 1147 gestare
1132 1074 1218 1128 amet
1231 1085 1360 1147 ognam,

480 1168 546 1232 215
568 1168 657 1235 Huic
672 1180 795 1233 vestem
809 1176 846 1232 ut
861 1176 970 1251 gnatae
983 1175 1089 1250 paret,
1104 1164 1237 1229 ancillas
1252 1175 1359 1247 paret,
1374 1186 1503 1242 aarum,

569 1269 696 1334 Rufum
710 1282 744 1335 et
758 1268 915 1334 Pusillam
929 1266 1083 1351 appellet,
1098 1263 1240 1347 fortique
1253 1265 1371 1328 marito

571 1369 725 1437 Destinet
738 1392 890 1446 uxorem,
913 1367 1089 1432 interdicto
1101 1366 1178 1431 huic
1193 1388 1287 1430 omne
1301 1365 1424 1429 adimat
1432 1366 1492 1450 jus

572 1473 711 1550 Praetor,
726 1484 759 1543 et
774 1472 817 1536 ad
833 1492 929 1534 sanos
943 1470 1040 1533 abeat
1052 1468 1156 1533 tutela
1168 1469 1381 1552 propinquos.

570 1573 685 1647 Quid?
708 1575 737 1636 si
750 1574 823 1657 quis
838 1583 970 1655 gnatam
983 1592 1045 1653 pro
1058 1580 1149 1633 muta
1162 1569 1301 1634 devovet
1313 1590 1410 1653 agna,

485 1676 553 1739 220
576 1674 707 1759 Integer
721 1686 773 1738 est
787 1674 907 1737 animi?
930 1694 972 1735 ne
986 1671 1120 1737 dixeris.
1165 1671 1271 1754 Ergo,
1286 1671 1344 1735 ubi
1356 1692 1459 1755 prava

571 1775 726 1851 Stultitia,
743 1773 796 1839 hic
810 1786 861 1838 est
877 1794 1002 1837 summa
1014 1772 1157 1835 insania:
1179 1774 1238 1856 qui
1252 1771 1441 1851 sceleratus,

571 1876 618 1939 Et
633 1874 775 1941 furiosus
789 1877 870 1955 erit;
892 1896 989 1959 quem
1003 1874 1092 1957 cepit
1105 1875 1209 1938 vitrea
1221 1874 1318 1952 fama,

571 1976 672 2041 Hunc
687 1977 914 2041 circumtonuit
929 1975 1077 2059 gaudens
1092 1972 1230 2039 Bellona
1243 1977 1398 2040 cruentis.

571 2080 672 2142 Nunc
687 2100 759 2161 age,
775 2076 938 2141 luxuriam
950 2088 984 2140 et
996 2076 1239 2141 Nomentanum
1252 2079 1361 2163 arripe
1375 2100 1514 2143 mecum.

419 2202 428 2216 ·
485 2182 550 2245 225
572 2180 692 2244 Vincet
707 2180 792 2242 enim
808 2178 925 2242 stultos
940 2179 1024 2242 ratio
1038 2179 1179 2242 insanire
1193 2190 1341 2265 nepotes.

485 2382 550 2430 qoem
567 2369 607 2429 qui
624 2382 651 2413 er
668 2368 761 2427 regibus
777 2375 879 2413 corntore
894 2366 964 2420 dicit,
980 2380 1042 2413 uest
1074 2364 1206 2427 Rufillam
1218 2364 1260 2413 alii
1278 2366 1369 2429 Peperit
1382 2366 1568 2427 autPspilless,
1580 2378 1637 2417 cett.

484 2448 561 2478 onem
576 2434 669 2493 speeiem
688 2432 786 2477 Romani
801 2438 893 2477 senatus
903 2432 971 2490 cepit,
983 2429 1008 2477 lr.
1019 2443 1043 2477 e.
1074 2428 1123 2477 Sed
1134 2428 1189 2493 quis
1203 2429 1230 2478 in
1243 2430 1410 2478 examinandis
1424 2438 1451 2478 et
1463 2430 1637 2481 constituendis

485 2509 562 2543 seram
578 2494 711 2567 ¹imaginem
727 2501 825 2542 senatus
841 2492 947 2541 Romani
963 2494 1044 2541 animo
1074 2491 1191 2565 ejusmodi
1217 2494 1363 2549 nominibus,
1388 2493 1531 2543 blandiendi
1563 2510 1637 2545 cansa

485 2556 1043 2685 {²3³3lllielliim‘lslddilictidi‘ffi‘i
1073 2556 1179 2667 ieuemiti
1195 2621 1201 2631 ·
1219 2558 1638 2673 mtffijnfflffibffissfflss

486 2702 541 2751 sup.
560 2686 610 2736 Od.
627 2687 653 2743 ir,
668 2686 705 2741 16,
723 2688 748 2743 9,
765 2686 841 2732 misni
858 2688 939 2733 mentis
956 2686 1044 2733 tumul·
1074 2699 1128 2749 sup.
1140 2686 1192 2731 Sat.
1204 2686 1222 2741 i,
1233 2686 1258 2741 3,
1269 2688 1302 2734 ts
1312 2702 1368 2750 sqq.

486 2760 538 2799 tas:
555 2750 614 2799 teser
622 2765 716 2798 omnem
727 2765 776 2799 rem
788 2749 819 2797 ad
827 2748 1043 2811 Agamemnonem,
1107 2748 1166 2795 217.
1182 2749 1247 2796 Huic
1257 2749 1306 2811 (sic
1321 2750 1465 2811 insanienti)
1475 2762 1565 2812 pretor
1575 2768 1638 2800 ense

486 2814 588 2879 quirem
605 2815 691 2862 bonam
703 2822 726 2863 et
737 2814 809 2862 simul
823 2812 947 2861 scelestam
964 2812 1044 2861 animo
1068 2814 1113 2873 jus
1124 2812 1233 2874 (ornnem
1243 2812 1347 2861 liberem
1357 2814 1474 2863 bonorum
1487 2816 1574 2875 mum)
1585 2819 1636 2863 edi·

484 2885 635 2944 conceperat.
1074 2885 1123 2922 etot
1141 2878 1272 2924 interdicto.
1304 2876 1460 2926 Interdictum
1472 2878 1527 2942 jam
1543 2888 1582 2929 cst
1596 2878 1636 2928 de·

517 2944 575 2990 212.
599 2944 633 2989 Ol
651 2942 856 2990 titulos-inanes:
875 2939 1043 3003 quibusAga-
1075 2946 1176 2994 cretum,
1196 2940 1267 2988 certis
1288 2940 1398 2990 formulis
1415 2952 1570 3007 conceptum,
1590 2959 1638 3007 quo

485 3020 598 3055 memnon
608 3004 653 3054 boc
661 3006 788 3054 scelestum
799 3004 948 3052 filiamsuam
957 3004 1045 3053 Diana
1076 3010 1163 3066 pretor
1179 3003 1272 3068 aliquid
1289 3006 1340 3054 fieri
1355 3006 1396 3055 vel
1413 3006 1485 3079 jubet
1501 3008 1543 3056 vel
1559 3016 1636 3057 vetat:

485 3067 617 3143 devovendi
631 3068 774 3143 consilium,
786 3078 902 3141 tanquam
915 3084 964 3116 rem
975 3083 1043 3131 egre-
1075 3066 1126 3143 rid.
1149 3068 1245 3117 Ernest.
1260 3069 1287 3118 in
1303 3070 1375 3119 Clas.
1395 3070 1450 3119 Cic.
1470 3086 1493 3119 s.
1512 3088 1539 3121 v.
1559 3072 1637 3121 leur·

485 3132 1043 3271 {leffmdddmiisdiri‘eliiriiiltillidssffi
1074 3132 1171 3243 dem.
1189 3195 1222 3244 Et
1238 3199 1269 3243 ed
1287 3212 1354 3245 senos
1369 3200 1436 3246 etmt
1452 3198 1529 3245 tutele
1542 3204 1638 3263 propia·

484 3261 586 3311 videtur.
623 3263 700 3335 Scelus
716 3264 837 3309 admittere
854 3268 899 3315 est,
920 3261 999 3309 scelus
1018 3259 1043 3309 in
1074 3274 1143 3319 enos.-
1169 3258 1266 3309 scilicet
1293 3260 1325 3307 sd
1352 3261 1430 3335 legem
1457 3262 1483 3309 in
1510 3262 1638 3313 duodecim

485 3326 592 3375 animum
609 3326 747 3381 marimum,
763 3326 788 3373 h.
805 3341 827 3374 e.
844 3324 925 3372 animo
941 3340 1043 3389 concep-
1075 3322 1163 3379 Tabe„
1174 3338 1247 3386 quam
1258 3325 1346 3390 proten
1356 3326 1444 3375 Cicero
1454 3324 1486 3375 de
1501 3326 1600 3377 Intent.
1611 3328 1637 3384 ii,

485 3398 546 3446 tum,
553 3390 700 3440 committere
704 3408 713 3451 ;
725 3390 780 3439 lrine
790 3404 854 3454 sepo
861 3390 982 3437 admittere
991 3404 1042 3455 pro,
1075 3386 1116 3461 do,
1127 3388 1152 3434 Si
1156 3386 1267 3451 furiosus
1276 3394 1639 3456 temperamentumque

482 3459 629 3503 commitem,
1075 3466 1100 3497 re
1111 3465 1136 3497 eo
1144 3454 1285 3514 penemque
1291 3456 1341 3514 q'us
1348 3463 1447 3515 potestas
1455 3464 1511 3502 esto.

518 3522 575 3569 213.
594 3520 626 3567 Et
640 3536 727 3582 porum
742 3528 783 3573 est,
798 3524 855 3565 cett.
867 3524 899 3571 et,
918 3532 974 3564 cum
991 3515 1044 3564 sni·
1107 3515 1165 3563 219.
1182 3516 1230 3561 Pro
1238 3526 1313 3571 erem,
1325 3518 1404 3573 bruta,
1415 3517 1515 3566 rationis
1524 3528 1636 3585 experte:

485 3600 539 3632 mus
550 3586 652 3633 tumidos
663 3594 694 3631 est
707 3582 825 3643 (inflatur,
835 3579 975 3645 impellitur,
986 3596 1044 3629 con·
1075 3577 1109 3625 cf.
1120 3593 1175 3643 sup.
1185 3580 1238 3626 Sat.
1250 3580 1268 3635 i,
1280 3582 1305 3635 3,
1321 3582 1376 3628 100.

484 3648 578 3705 citatur,
597 3664 631 3697 sc.
646 3648 759 3696 inanibus
776 3644 862 3700 titulis,
880 3659 943 3691 vana
958 3644 1043 3707 gloria,
1107 3643 1246 3691 tto-223.
1274 3644 1345 3708 Ergo.
1363 3646 1413 3701 ubi,
1432 3652 1500 3704 cett„
1520 3660 1580 3710 ergo
1596 3647 1639 3712 qni

484 3712 638 3761 affectionum
655 3712 701 3773 ri),
712 3726 769 3760 eum
785 3710 838 3759 vitii
856 3707 984 3774 (insanie)
1000 3725 1043 3758 ex·
1074 3704 1148 3779 stulte
1164 3714 1267 3755 metatur
1281 3722 1365 3772 prava,
1377 3707 1508 3758 rectissime
1519 3709 1637 3771 insnum,

485 3786 575 3843 penem
586 3792 638 3825 esse
650 3777 737 3841 putas!
1075 3785 1117 3833 qul
1136 3778 1257 3835 perpetrat
1274 3771 1375 3827 8001018,
1395 3789 1445 3821 nou
1463 3773 1542 3822 10111111
1559 3776 1638 3825 icele-

517 3843 575 3890 214.
592 3842 617 3888 Si
635 3844 685 3904 quis
702 3842 791 3893 lectica,
812 3844 869 3885 cett.
911 3836 947 3887 Ut
967 3836 1044 3885 levius
1075 3841 1147 3905 retus,
1171 3834 1213 3883 sed
1235 3834 1308 3883 etiam
1327 3836 1437 3899 suriunt
1461 3852 1494 3903 ap
1524 3838 1638 3900 liabitas,

484 3906 584 4017 pq...
598 3900 1044 4016 interstinctus:
1074 3898 1334 4011 irruisti
1349 3901 1639 4012 ἔ2221122·

484 3985 584 4081 dicentii}
594 3985 681 4095 gincra
695 3984 767 4097 qrieni
778 4030 808 4079 ad
819 4029 909 4078 scelera
922 3981 1043 4094 perionen-
1074 3978 1151 4075 telius,
1162 4028 1267 4075 cruentis
1282 3967 1638 4095 mmrdaiiil‘liiidqwniffii

484 4106 551 4157 tem,
579 4096 685 4161 apposite
711 4104 790 4145 autem
815 4108 877 4157 agna
904 4093 932 4140 in
958 4093 1044 4147 lectica
1076 4089 1179 4139 Bellona
1189 4091 1306 4139 Juvenal.
1318 4091 1350 4149 iv,
1366 4094 1426 4155 123)
1437 4103 1511 4143 oestro
1524 4097 1638 4160 percutit.

484 4172 576 4225 gestata
591 4160 716 4226 opponitur
727 4159 780 4208 filie
793 4157 991 4221 Agamemnonis,
1002 4173 1044 4231 pro
1102 4155 1167 4230 Ι222.
1184 4154 1216 4204 Et
1227 4156 1345 4229 furiosus.
1365 4156 1401 4230 βε
1411 4174 1462 4223 pro,
1473 4158 1555 4215 etiam,
1567 4160 1637 4209 adeo.

483 4224 739 4339 {giaffladm'
757 4224 868 4336 ιθ(ἔκτανε
884 4232 954 4277 emet,
970 4236 1044 4269 animi
1077 4217 1167 4332 ll'qtrpq,
1188 4218 1330 4285 splendida:
1348 4221 1399 4270 vid.
1417 4238 1473 4286 sup.
1491 4224 1522 4272 ad
1544 4224 1595 4274 Od.
1619 4226 1637 4285 i,

500 4308 551 4341 cec
578 4305 704 4339 nrcsusa
731 4305 757 4339 es
793 4321 800 4334 .
1109 4318 1116 4339 ‚
1163 4318 1169 4331 .

516 4359 574 4405 215.
601 4358 702 4413 Auram,
715 4305 763 4401 gsc.
792 4352 883 4399 lactum
895 4368 902 4409 ;
935 4348 1044 4414 intellige
1106 4348 1165 4395 223.
1182 4347 1548 4404 Cimmtonuit,circumtonsre
1557 4351 1636 4402 solet·

483 4420 598 4475 armillas,
617 4420 712 4476 fibulas,
729 4432 796 4473 acus,
814 4414 925 4473 annulos,
941 4422 998 4464 cett.
1014 4430 1045 4463 es
1074 4415 1186 4467 eruentis,
1197 4427 1232 4460 sc.
1243 4414 1315 4461 rebus
1324 4412 1362 4460 vel
1373 4414 1526 4479 spectaculis.
1628 4390 1637 4415 ’

483 4501 541 4535 auro
551 4484 676 4535 conflatos.
1107 4476 1165 4523 224.
1183 4476 1254 4525 ll'une
1263 4493 1314 4543 ege.
1328 4478 1529 4535 JamStcrtinius,
1539 4488 1638 4545 nepotes

515 4552 573 4599 216.
596 4550 686 4615 Rosam
708 4557 729 4597 et
752 4546 881 4593 Pusillam:
903 4540 991 4590 mimm
1017 4542 1043 4591 in
1074 4547 1100 4589 et
1124 4540 1234 4605 prodigos
1259 4556 1356 4606 quoqne
1381 4541 1486 4591 insanire
1511 4543 1636 4600 doctrines,

483 4614 581 4664 modum
605 4614 631 4662 in
654 4613 692 4661 his
712 4608 849 4660 nominibus
872 4606 965 4657 vadent
986 4615 1044 4655 vett.
1075 4602 1464 4672 reditadNomentennm,quem
1478 4607 1531 4670 jam
1547 4626 1573 4657 v.
1590 4610 1637 4658 175

481 4676 854 4745 libb.aliiRosemetPosiilom,·
872 4670 1044 4736 aliiltofemet
1075 4668 1195 4734 produxit.
1228 4670 1519 4733 Arripe,edsententiern
1537 4688 1554 4721 a
1567 4672 1638 4722 nobis
