3659 5892
478 529 510 596 vi
917 525 1189 594 PRAEFATIO.

479 716 580 782 editio
608 715 788 793 Indicibus,
812 715 988 799 inquibus
1013 736 1067 780 res
1091 714 1267 792 historicae,
1291 713 1528 800 mythologicae,
1556 732 1630 802 gem

479 834 646 920 graphicae
666 843 817 899 accurate
838 842 872 897 et
891 833 1066 918 diligenter
1080 844 1283 910 enarrantur,
1298 833 1548 919 copiosissimis3
1573 837 1630 909 sed

480 953 577 1038 pauci
598 953 737 1017 lectores
760 951 794 1014 in
814 972 927 1015 eorum
946 951 1095 1016 subsidio
1109 951 1328 1035 acquiescent,
1343 973 1404 1016 nec
1419 961 1486 1016 tam
1499 975 1543 1018 ex
1557 955 1633 1019 sub,

476 1073 567 1157 jecta
593 1071 741 1136 lectionis
771 1069 939 1146 varietate,
966 1091 1064 1152 quam
1085 1091 1128 1134 ex
1150 1068 1334 1154 praepositis
1357 1070 1476 1154 cuique
1501 1073 1635 1137 carmini

479 1190 704 1276 Argumentis,
720 1188 855 1254 multum
869 1187 1053 1272 proficient.
1098 1187 1138 1252 In
1153 1187 1332 1274 probandis
1348 1187 1435 1252 enim
1449 1187 1500 1254 vel
1514 1190 1634 1276 impro-

480 1309 599 1374 bandis
618 1306 813 1372 lectionibus
828 1305 1012 1371 Wetzelius
1031 1306 1074 1370 ad
1090 1305 1167 1370 Jani
1177 1305 1339 1390 judicium
1356 1315 1392 1370 ct
1409 1307 1636 1373 auctoritatem

482 1428 528 1490 ita
542 1449 577 1490 se
592 1427 829 1511 attemperavit,
845 1436 883 1489 ut
898 1423 979 1489 nihil
993 1422 1063 1489 fere
1076 1446 1119 1488 ex
1135 1446 1170 1489 se
1187 1424 1260 1508 ipso
1279 1421 1454 1508 proferret,
1469 1435 1503 1490 et
1517 1425 1636 1490 ducem

484 1567 578 1609 suum
606 1553 704 1628 atque
733 1545 924 1629 magistrum
949 1544 982 1607 in
1008 1543 1190 1608 deridendo
1220 1552 1345 1608 tantum
1374 1553 1408 1607 et
1435 1543 1635 1627 petulantius

482 1663 654 1728 tractando
683 1662 808 1747 Magno
838 1632 990 1726 Bentleio
1020 1671 1200 1745 superaret.
1253 1659 1328 1725 Nec
1357 1657 1562 1747 Argumenta
1590 1661 1637 1726 ita

483 1791 670 1866 comparata
684 1790 771 1857 sunt,
787 1789 825 1843 ut
837 1778 976 1845 lectores
991 1779 1068 1844 inde
1083 1779 1126 1844 de
1140 1780 1300 1864 cujusque
1315 1781 1466 1845 carminis
1481 1781 1588 1866 pretio
1602 1789 1637 1846 et

483 1900 658 1964 virtutibus
674 1908 763 1963 recte
774 1898 924 1982 judicare
939 1898 1077 1962 discant.

527 2017 614 2090 Quae
636 2016 678 2082 de
705 2015 837 2080 Horatii
863 2015 967 2080 MSS.
988 2026 1022 2081 et
1046 2015 1153 2080 Editt.
1176 2026 1254 2081 cett.
1276 2039 1319 2082 ex
1340 2018 1413 2083 aliis
1436 2017 1635 2084 editionibus

484 2136 638 2220 cognosci
653 2143 802 2221 possunt,
817 2145 850 2200 et
865 2155 940 2199 raro
954 2133 1020 2218 legi
1035 2132 1152 2211 solent,
1167 2134 1207 2198 iis
1222 2133 1306 2198 hanc
1320 2135 1497 2201 editionem
1515 2157 1636 2222 augere

484 2248 518 2319 et
540 2273 675 2318 onerare
699 2251 799 2317 nolui.
845 2251 962 2336 ltaque
982 2250 1028 2315 nil
1042 2251 1104 2315 nisi
1120 2250 1233 2318 Vitam
1247 2252 1379 2318 Horatii
1393 2264 1428 2318 et
1442 2252 1636 2320 Doctrinam

485 2371 658 2437 demetria
682 2368 873 2435 Horatianis
892 2369 1153 2454 praemittendam
1171 2372 1293 2436 curavi.
1338 2370 1425 2436 Rem
1448 2371 1572 2437 scilicet
1595 2372 1637 2438 de

483 2489 594 2555 metria
616 2487 806 2552 Horatianis
829 2510 913 2553 novo
937 2489 1047 2552 studio
1068 2497 1222 2572 tantaque
1242 2489 1421 2575 diligentia,
1437 2489 1591 2568 sollertia,
1603 2500 1638 2556 et

483 2607 601 2692 peritia
616 2606 761 2672 excussit
775 2617 808 2670 et
823 2605 866 2670 ad
881 2606 1042 2691 ejusmodi
1056 2603 1191 2670 formam
1204 2607 1333 2692 redegit
1342 2607 1405 2672 Vir
1416 2607 1637 2678 Doctissimus

483 2736 517 2792 et
530 2725 638 2790 multis
653 2724 836 2789 nominibus
851 2723 931 2788 mihi
947 2724 1141 2788 Carissimus
1156 2722 1321 2808 Spanius,
1331 2735 1369 2789 ut
1380 2728 1635 2806 communicatis,

483 2865 557 2928 quaa
583 2841 814 2907 humanissime
837 2842 889 2906 ille
908 2865 1038 2922 mecum
1053 2842 1096 2906 de
1118 2841 1230 2905 metris
1249 2841 1441 2908 Horatianis
1462 2846 1637 2910 communi·

483 2962 579 3039 cavit,
595 2983 669 3026 cum
684 2959 816 3024 Horatii
830 2958 1018 3036 lectoribus,
1034 2959 1124 3023 haud
1143 2959 1296 3044 exiguam
1310 2959 1399 3044 apud
1414 2959 1570 3046 plurimos
1585 2984 1636 3028 me

483 3080 621 3163 gratiam
635 3079 790 3143 initurum
804 3099 877 3144 esse
892 3099 967 3142 cum
977 3077 1100 3144 fiducia
1114 3077 1256 3161 quadam
1268 3097 1401 3162 sperare
1415 3100 1557 3163 possem.

527 3195 647 3261 Restat
675 3207 712 3260 ut
741 3195 942 3262 Doctissimo
968 3195 1220 3279 Clarissimoque
1248 3192 1471 3280 Philosophiae
1496 3195 1636 3264 Doctori

484 3313 602 3378 Carolo
618 3312 805 3378 Christiano
819 3312 1013 3390 Wendlero,
1029 3314 1123 3397 cujus
1146 3312 1390 3378 accuratissima
1408 3323 1554 3382 veterum
1576 3316 1638 3382 lin·

483 3454 621 3517 guarum
644 3431 832 3515 cognitione
848 3452 942 3514 aeque
960 3453 998 3496 ac
1018 3453 1142 3495 summa
1156 3430 1369 3516 perspicacia,
1385 3451 1426 3497 ne
1441 3433 1527 3498 vitiis
1543 3445 1637 3520 typo-

483 3549 649 3636 graphicis
672 3550 897 3634 inquinaretur
919 3547 991 3613 hoec
1014 3558 1127 3613 nostra
1150 3549 1264 3626 editio,
1290 3548 1423 3633 egregie
1449 3561 1582 3616 cautum
1603 3563 1637 3618 et

483 3677 693 3754 prospectum
707 3679 769 3745 est,
781 3665 912 3752 publice
927 3665 1104 3750 gratimimi
1118 3667 1216 3731 animi
1230 3686 1363 3732 sensum
1377 3667 1533 3751 aperiam.
1558 3670 1636 3743 Quo

483 3786 589 3849 minus
610 3797 719 3852 autem
733 3785 795 3850 Vir
809 3784 863 3850 ille
878 3782 1086 3850 Venerabilis
1106 3783 1246 3869 publicas
1267 3782 1374 3848 laudis
1398 3794 1433 3849 et
1451 3784 1564 3870 gloriae
1585 3797 1638 3855 est

484 3913 655 3989 appetens,
669 3905 703 3968 in
717 3925 757 3970 eo
773 3903 893 3988 majore
909 3901 998 3987 apud
1013 3923 1136 3980 omnes,
1149 3901 1207 3987 qui
1220 3922 1295 3966 eum
1308 3912 1439 3980 norunt,
1452 3912 1504 3967 est
1517 3906 1637 3987 pretio.

529 4137 661 4204 Dabam
677 4139 810 4217 Gothae,
826 4161 856 4206 a.
873 4139 906 4204 d.
923 4139 955 4204 vi
971 4138 1021 4204 ld.
1038 4137 1120 4204 Mai.

744 4276 907 4324 uncccur.

1307 4490 1547 4560 DOERING.
