3659 5892
861 529 1090 596 EPODON

637 678 719 745 Edit
733 680 847 745 cicutis
863 680 972 745 allium
987 682 1167 748 nocentius.

764 782 796 846 Ο
813 782 899 847 dura
913 805 1093 849 messorum
1107 784 1179 849 ilia!

582 884 603 947 5
635 884 727 958 Quid
742 884 805 951 hoc
821 887 938 951 veneni
953 888 1044 951 savit
1058 888 1093 951 in
1105 886 1320 972 praecordiis?

759 986 852 1051 Num
866 988 1031 1072 viperinus
1046 988 1098 1053 his
1112 1010 1210 1055 cruor

632 1087 784 1153 Incoctus
798 1089 910 1155 herbis
925 1112 976 1156 me
991 1090 1127 1157 fefellit?
1149 1115 1192 1157 en
1206 1092 1306 1158 malas

762 1192 900 1257 Canidia
915 1194 1066 1258 tractavit
1080 1194 1205 1279 dapes?

631 1290 681 1359 Ut
695 1291 905 1379 Argonautas
920 1306 1041 1379 practer
1056 1318 1167 1361 omnes
1182 1296 1358 1363 candidum

570 1392 611 1458 10
762 1394 886 1461 Medea
900 1398 1015 1461 mirate
1029 1408 1081 1462 est
1095 1398 1223 1478 ducem,

633 1495 752 1582 Ignota
766 1500 868 1563 tauris
883 1499 1083 1585 illigeturum
1092 1501 1186 1586 juge,

762 1600 924 1665 Perunxit
937 1601 1001 1667 hoc
1015 1600 1189 1667 iasonem:

633 1700 707 1767 Hoc
723 1700 878 1767 delibutis
890 1702 961 1768 ulta
975 1703 1069 1768 donis
1084 1703 1244 1789 pellicem,

762 1804 923 1890 serpente
938 1804 1024 1889 fugit
1037 1804 1125 1871 alite.

570 1906 610 1970 15
630 1906 705 1971 Nec
720 1916 830 1972 tantus
846 1929 989 1991 unquam
1004 1907 1148 1973 siderum
1161 1907 1283 1973 insedit
1297 1930 1401 1993 vapor

759 2008 943 2074 Siticuloeae
957 2006 1107 2093 Apuliae:

630 2109 704 2175 Nec
718 2132 835 2175 munus
850 2110 994 2175 humeris
1008 2110 1149 2177 efficacis
1163 2112 1320 2177 Herculis

760 2212 880 2279 lnarsit
894 2214 1078 2279 aestuosius.

415 2392 539 2444 nocentius
556 2402 644 2444 sumat.
679 2394 810 2460 Olim,jem
824 2394 854 2443 de
869 2402 975 2460 tempere
1006 2403 1083 2452 eraut,
1103 2394 1202 2459 alligare
1225 2393 1337 2452 debebat,
1357 2394 1460 2460 purim
1479 2408 1570 2463 posset,

415 2456 503 2507 laturo.
545 2458 602 2507 Edit
621 2460 666 2523 (ad
685 2459 808 2524 antiquam
827 2459 976 2525 subjunctivi
1007 2460 1129 2511 inunxisse
1140 2459 1255 2509 credibile
1265 2466 1310 2508 est.
1334 2460 1503 2523 lguotutuuris
1518 2465 1570 2513 ilii·

414 2523 522 2579 formam,
533 2526 602 2580 edim,
618 2528 646 2581 is,
660 2526 706 2587 it),
716 2540 766 2590 pro,
775 2522 838 2573 edat.
869 2526 973 2573 Cicutis:
1003 2529 1197 2590 gaturumjugu‚
1213 2539 1256 2590 pro
1272 2522 1314 2572 vul
1346 2522 1374 2580 ri,
1391 2526 1570 2590 11111111Ιί81-

414 2585 444 2635 de
461 2590 538 2636 cicuta
556 2589 639 2653 (cujus
655 2604 743 2638 succus
755 2596 792 2638 est
805 2604 881 2653 genus
896 2587 974 2652 quod-
1006 2599 1085 2638 tunrm
1101 2588 1189 2655 ignotis
1201 2588 1284 2654 jugies
1300 2604 1371 2653 pane
1386 2598 1415 2638 ut
1424 2605 1479 2655 sup.
1491 2593 1570 2657 Epod.

413 2652 469 2700 dam
479 2652 573 2709 veneni,
586 2652 649 2718 quod
661 2653 724 2720 apud
739 2653 895 2703 Athenienses
906 2652 974 2701 dam·
1008 2655 1031 2709 l,
1049 2656 1092 2710 25,
1111 2654 1166 2702 Nom
1183 2664 1211 2702 ut
1223 2655 1332 2716 juvencis
1349 2654 1446 2717 illigans
1460 2658 1570 2718 pluribus

414 2714 474 2772 neti,
483 2725 510 2765 ut
521 2718 637 2775 Socrates,
645 2734 737 2767 sumere
745 2718 913 2781 cogebantur),
924 2716 974 2766 vid.
1006 2719 1096 2767 ,tratre
1110 2721 1220 2767 nitentur
1233 2734 1297 2766 mea:
1313 2716 1445 2767 uidebat
1458 2736 1491 2778 re,
1504 2737 1569 2785 quos

414 2780 481 2829 Pliu.
500 2798 556 2837 xrs,
574 2784 613 2839 1³,
632 2798 653 2831 e.
668 2784 710 2831 95.
745 2784 841 2831 Oduru
852 2798 973 2831 messorum
1004 2780 1570 2848 laudautlnterpretes,Pindar.Pytb.ir,39³3

411 2844 464 2901 iliu,
489 2860 523 2893 sc.
545 2862 600 2911 quse
649 2847 719 2897 ricrre
736 2847 818 2897 vuleut
836 2848 884 2895 vim
902 2847 973 2896 istam
1005 2846 1122 2921 Apollon.
1137 2846 1226 2910 Rhoe„
1235 2845 1270 2904 iii,
1290 2848 1351 2894 1041
1365 2864 1372 2906 ;
1388 2853 1414 2895 et
1429 2846 1488 2897 vu.
1499 2849 1569 2900 stac

414 2908 465 2957 allii
477 2910 627 2975 pestiferum.
641 2912 784 2961 messoribus
792 2910 909 2975 ejusmodi
921 2927 972 2960 rno-
1005 2911 1047 2968 vir,
1067 2914 1124 2962 403.
1158 2910 1300 2967 Candidum,
1323 2910 1461 2975 pulchrum,
1479 2912 1569 2965 formo·

413 2982 500 3030 retum,
522 2990 551 3024 ex
573 2976 630 3025 allio
652 2985 677 3025 et
699 2977 753 3026 aliis
769 2976 876 3025 contusis
895 2976 974 3024 herbis
1005 2990 1068 3032 eam,
1084 2984 1112 3025 ut
1130 2990 1203 3041 sepe.
1236 2975 1327 3023 Mircte
1344 2986 1386 3033 est,
1405 2990 1485 3026 amore
1503 2978 1568 3043 ejus,

412 3038 557 3095 coniectum,
573 3040 661 3089 rustice
674 3041 759 3089 mulier
772 3040 893 3106 Thestylis
905 3048 974 3105 perat
1004 3047 1129 3105 postquem
1149 3055 1205 3088 curn
1224 3038 1380 3089 admiratione
1396 3040 1451 3105 ejus
1467 3042 1568 3092 formam

414 3102 479 3167 apud
495 3104 561 3167 Virg.
574 3104 628 3152 Ecl.
640 3104 666 3161 ii,
681 3106 718 3163 10,
733 3106 845 3171 Thestylis
856 3115 878 3151 et
889 3108 973 3167 rapido
1004 3106 1167 3170 contemplata
1178 3105 1263 3161 luerat,
1275 3115 1347 3169 capte
1357 3103 1419 3152 luit:
1436 3105 1470 3154 cl.
1480 3108 1567 3171 ιαμ-1,

405 3168 477 3230 sessis
492 3171 622 3217 munoribus
639 3179 695 3218 cetu
712 3172 777 3218 Allis
793 3170 972 3233 serpyllumque,
1005 3171 1029 3227 4,
1044 3172 1082 3225 19,
1094 3170 1127 3225 iv,
1138 3172 1164 3225 9,
1177 3170 1216 3217 15.
1249 3168 1300 3215 Hoc
1313 3168 1422 3217 1111111111
1434 3171 1487 3217 ulta
1501 3172 1568 3221 dosia

413 3232 493 3279 herbae
502 3236 624 3281 contundit
633 3236 725 3283 obstes.
1003 3235 1122 3307 pellicem:
1139 3232 1191 3283 allii
1204 3248 1301 3298 quoque
1312 3233 1392 3281 succis
1403 3233 1494 3284 Medea
1502 3234 1568 3286 dona

444 3296 535 3345 5-14.
553 3298 617 3353 Quid
633 3299 671 3347 lroc
685 3301 775 3357 carreni,
785 3297 857 3363 quale
872 3295 973 3346 dixerim
1004 3298 1048 3345 ella
1059 3297 1175 3363 nuptialis
1186 3298 1291 3363 (pallam
1299 3305 1324 3345 et
1331 3299 1468 3358 coronam),
1476 3300 1568 3363 quibua

413 3374 458 3421 ego
468 3358 530 3409 illud
540 3361 625 3411 veneni
640 3378 701 3419 esse,
712 3363 776 3427 quod
787 3370 844 3411 cett.
881 3362 972 3425 Viperi·
1004 3362 1115 3477 ffellicern
1132 3365 1145 3426 (
1150 3364 1259 3411 Creusam
1275 3361 1326 3411 sive
1345 3361 1461 3420 Glaucen,
1479 3379 1566 3413 novam

413 3442 457 3473 nur
474 3444 552 3485 cruor,
568 3426 610 3491 qui
625 3426 673 3476 vim
692 3425 870 3492 praesentissimi
887 3426 973 3475 veneni
1022 3426 1103 3475 aeonis
1112 3426 1255 3492 conjugem)
1263 3426 1427 3481 ulcisceretur,
1434 3425 1567 3479 delibuisse

412 3488 499 3539 habere
506 3492 651 3565 putabatuu
667 3491 723 3542 binc
735 3508 789 3557 sup.
799 3492 816 3549 1,
826 3494 851 3549 0,
867 3494 904 3548 10,
917 3507 972 3557 pro·
1004 3491 1111 3551 videtur;
1129 3507 1179 3557 qua
1196 3507 1221 3540 re
1238 3498 1335 3556 peracte
1351 3490 1395 3538 illa
1411 3505 1484 3540 curru
1494 3492 1567 3543 aletis

413 3554 513 3603 verbialr
529 3556 658 3615 locutione,
676 3557 972 3620 vilarceliqur'dscnguinc
1004 3556 1154 3621 serpentibus
1187 3564 1261 3604 uncto
1288 3554 1391 3617 aufugit.
1434 3555 1567 3607 Habebunt

411 3621 515 3681 viperino
528 3625 628 3669 cautius.
662 3622 776 3679 incoctus,
787 3628 893 3686 coquunt
907 3620 973 3669 enirn
1004 3636 1089 3685 nempe
1100 3636 1191 3669 senene
1200 3619 1251 3678 illa,
1267 3618 1358 3693 quibus
1370 3618 1434 3667 done
1447 3621 1567 3686 nuptialia

411 3691 437 3731 et
451 3684 584 3749 incoquunt
599 3686 685 3735 hurbes
702 3695 832 3735 venenatas
845 3685 971 3743 venetium
1003 3684 1125 3734 inunxisse
1147 3684 1237 3734 Medea
1256 3682 1353 3740 dicitur,
1375 3682 1438 3733 heac
1458 3686 1515 3742 vim,
1537 3696 1567 3737 ut

411 3746 445 3796 sic
462 3759 524 3797 coctu
537 3754 646 3813 gramine
662 3750 726 3826 apud
744 3751 853 3817 Propert.
868 3750 894 3807 ii,
910 3753 934 3807 4,
946 3753 971 3807 s,
1004 3750 1182 3799 Creusemcum
1193 3757 1244 3797 tota
1250 3749 1303 3814 ejus
1311 3747 1382 3797 domo
1389 3749 1565 3801 comburerent.

412 3822 437 3861 et
452 3812 542 3862 Medea
557 3816 621 3879 apud
637 3816 710 3865 Ovrd.
723 3816 786 3864 Met.
797 3815 846 3873 viii,
858 3815 917 3871 265,
929 3815 969 3863 Se·
1003 3814 1055 3863 Res
1066 3830 1096 3864 ex
1106 3814 1191 3879 Eurip.
1199 3812 1268 3862 Med.
1278 3812 1337 3861 setis
1347 3822 1416 3861 uota:
1429 3812 1461 3862 cl.
1472 3815 1495 3862 H
1529 3815 1564 3865 'u.

412 3879 518 3941 miraeque
528 3880 642 3943 staretque
658 3890 679 3928 et
696 3896 771 3929 succos
786 3882 887 3943 incoquit
897 3896 969 3928 eoru.
1002 3878 1063 3927 Feb.
1082 3895 1139 3935 xxv,
1159 3887 1184 3927 et
1200 3880 1224 3927 A
1257 3876 1342 3926 llodor.
1360 3876 1386 3934 ii,
1405 3878 1453 3937 ae;
1472 3894 1505 3927 c.
1519 3878 1565 3929 inf.

413 3940 744 4008 lrlej'etiltitimihiiraudi
764 3944 825 3994 iuitl
859 3944 968 4002 Canidia,
1002 3943 1080 4008 Epod.
1101 3946 1126 3999 ὃ,
1149 3944 1190 3991 63.
1245 3945 1306 4007 ugit,
1329 3942 1440 3991 Athenas
1459 3958 1513 3991 nem
1556 3963 1563 3993 ι

412 4005 483 4070 cujus
494 4006 583 4055 scelera
593 4008 636 4056 inl.
648 4009 673 4057 iu
682 4009 788 4058 cenulae
798 4008 881 4074 quinto
891 4017 915 4058 et
927 4008 968 4058 de·
1001 4008 1050 4057 vid.
1066 4007 1208 4074 Apollodor.
1221 4006 1240 4065 i,
1255 4010 1280 4064 9,
1295 4008 1337 4055 28.
1370 4007 1478 4068 sommo
1495 3960 1562 4067 udis,

412 4070 474 4181 cirne
490 4072 590 4182 sufficio
606 4072 752 4186 insectatum
775 4072 969 4186 nimium·
1001 4072 1068 4186 hies.
1084 4072 1156 4129 alato,
1175 4081 1204 4121 ut
1221 4087 1276 4138 sup.
1292 4072 1325 4127 ir,
1344 4070 1384 4127 ll,
1399 4072 1442 4128 26,
1460 4070 1565 4136 Pegasus

411 4148 470 4181 cus.
531 4152 692 4191 caesenam
717 4154 871 4195 s·musu,u
925 4154 969 4187 re·
1001 4156 1015 4185 a
1037 4153 1056 4185 s.

412 4212 494 4247 eorum
516 4201 605 4275 easbc,
619 4216 684 4275 sepe
703 4173 825 4250 de'rebus
846 4202 924 4250 noxiis
944 4210 971 4277 et
1006 4268 1012 4279 .
1036 4203 1139 4279 15718.
1164 4201 1213 4250 Nec
1233 4210 1314 4249 tantm
1337 4217 1441 4263 umquam
1460 4202 1563 4275 siderum

412 4264 637 4387 ltlffhlltlt
650 4265 971 4381 tlhtlttlbstlll:
1003 4265 1565 4393 ffliltturthhttltttffltlt

412 4388 470 4440 lviii.
506 4392 538 4441 Ut
554 4396 796 4458 Argonautuepreter
806 4398 970 4445 mammat-
1003 4394 1050 4460 (ci.
1067 4394 1103 4451 iii,
1123 4395 1165 4451 00,
1187 4395 1242 4457 11,)
1260 4402 1346 4444 exusta
1363 4402 1408 4450 est,
1427 4408 1473 4442 uec
1495 4402 1562 4444 tauto

410 4454 465 4503 dum
482 4456 572 4515 Medea,
588 4466 644 4507 cett.
662 4475 760 4509 sensus:
778 4459 836 4509 allio
850 4460 899 4509 sive
917 4461 968 4508 allii
1000 4468 1059 4509 estu
1077 4457 1143 4508 iortis
1160 4457 1218 4506 olim
1238 4460 1358 4508 Hercules
1374 4473 1416 4522 per
1434 4466 1526 4507 vestem
1546 4474 1563 4507 1

411 4519 488 4570 succis
508 4522 742 4589 Medea,postquaru
757 4542 805 4591 pru
820 4526 905 4575 ceteris
920 4527 968 4573 Ar·
1000 4522 1116 4573 Deianira
1132 4530 1255 4589 acceptare
1272 4532 1395 4589 correptus
1410 4530 1456 4579 est,
1470 4528 1563 4599 quanto
1620 4565 1622 4568 .

412 4585 969 4721 11111111111111111ιὲ
999 4602 1173 4720 itliuhil‘l
1180 4585 1498 4714 retutemus
1508 4601 1562 4716 ⁰4⁰5}

411 4726 472 4797 sum,
484 4730 544 4779 quos
552 4717 620 4781 jugo,
632 4719 697 4783 quod
711 4720 747 4769 illi
759 4718 865 4769 noudum
877 4718 969 4785 experti
1001 4716 1070 4768 sevit
1079 4718 1125 4767 sub
1135 4726 1189 4768 ortu
1199 4717 1263 4768 Sirii.
1287 4716 1476 4774 discunentis,
1488 4716 1563 4765 Nessi
