3659 5892
470 524 535 597 356
883 531 1209 601 SATIRARUM

557 668 731 755 Quamque
745 681 917 757 poetarum
932 671 1096 736 seniorum
1110 672 1225 749 turba3
1249 669 1308 734 sed
1322 670 1389 749 ille,

560 770 596 835 si
612 772 697 838 foret
711 774 775 838 hoc
790 784 939 839 nostrum
953 772 1021 837 fato
1037 772 1166 838 delatus
1180 773 1216 837 iu
1230 794 1346 849 aevum,

559 873 737 942 Detereret
753 878 815 941 sibi
830 876 953 954 multa3
976 875 1139 941 recideret
1154 895 1260 951 omne,
1276 873 1365 957 quod
1380 874 1468 939 ultra

495 974 538 1040 70
560 976 748 1043 Perfectum
763 978 967 1056 traheretur;
990 978 1072 1042 etin
1086 998 1183 1041 versu
1198 973 1349 1039 faciendo

561 1078 659 1165 Saepe
674 1090 775 1166 caput
790 1081 951 1156 scaberet,
966 1079 1056 1144 vivos
1070 1089 1105 1143 et
1119 1078 1252 1143 roderet
1265 1098 1405 1162 ungues.

560 1180 657 1268 Saepe
674 1182 783 1247 stilum
798 1192 917 1260 vertas,
933 1182 1061 1258 iterum,
1076 1202 1153 1265 quae
1166 1180 1268 1264 digna
1280 1178 1347 1263 legi
1361 1179 1439 1257 sint,

561 1283 772 1369 Scripturus;
795 1306 913 1368 neque,
930 1294 963 1349 te
977 1292 1017 1347 ut
1029 1284 1165 1347 miretur
1180 1283 1288 1359 turba,
1302 1281 1449 1347 labores:

560 1384 744 1451 Contentus
760 1387 874 1471 paucis
888 1385 1077 1450 lectoribus.
1122 1382 1179 1448 An
1193 1393 1251 1449 tua
1265 1383 1400 1448 demens

495 1488 538 1552 75
560 1486 691 1553 Vilibus
707 1489 740 1553 in
755 1488 842 1553 ludis
857 1488 974 1553 dictari
989 1486 1132 1551 carmina
1145 1486 1259 1550 malis?

561 1589 641 1655 Non
655 1613 735 1675 ego:
759 1611 833 1654 nam
848 1590 928 1653 satis
942 1599 1005 1666 est,
1020 1588 1163 1672 equitem
1176 1587 1257 1651 mihi
1270 1586 1439 1672 plaudere,
1455 1599 1493 1653 ut
1507 1589 1630 1668 audax,

561 1692 742 1757 Contemtis
757 1691 839 1769 aliis,
855 1690 994 1776 explosa
1007 1689 1197 1756 Arbuscula
1210 1690 1305 1754 dixit.

562 1793 652 1859 Men'
667 1804 796 1859 moveat
810 1795 915 1860 cimex
929 1793 1112 1858 Pantilius?
1134 1803 1191 1857 aut
1206 1793 1340 1870 cruciet,
1356 1794 1446 1877 quod

561 1894 703 1961 Vellicet
712 1899 886 1983 ,absentem
900 1896 1112 1961 Demetrius?
1135 1905 1193 1960 aut
1207 1894 1297 1979 quod
1311 1896 1444 1981 ineptus

497 1996 539 2061 80
561 1996 706 2063 Fannius
721 1999 940 2084 Hermogenis
954 1997 1055 2062 laedat
1069 1998 1205 2062 conviva
1218 1994 1362 2081 Tigelli?

561 2098 687 2164 Plotius
703 2112 736 2166 et
751 2100 885 2179 Varius,
903 2100 1071 2165 Maecenas
1087 2098 1324 2186 virgiliusque,

475 2294 545 2352 poeta
564 2302 613 2335 rem
637 2286 708 2334 nimis
729 2296 824 2336 auctam
852 2286 947 2353 pmprio
970 2286 1037 2335 vocis
1068 2302 1093 2335 re
1125 2285 1155 2335 tit
1170 2285 1216 2335 boc
1231 2301 1330 2336 aureum
1346 2294 1492 2353 preceptum
1513 2288 1631 2338 Horatius

474 2353 593 2399 amburere
603 2367 647 2399 usu
660 2352 758 2416 paulum
770 2352 877 2401 minuere
889 2352 972 2401 voluit.
1068 2350 1076 2397 i
1105 2350 1235 2417 .Epist.ii,
1244 2353 1268 2409 2,
1279 2352 1326 2401 109
1335 2367 1399 2417 sqq„
1408 2354 1488 2415 Atqui
1499 2354 1631 2417 legitimum

507 2416 613 2465 64-71.
631 2416 652 2463 F
652 2419 713 2463 uerit
731 2416 847 2473 lucilius,
860 2424 917 2466 cett.
933 2431 1033 2464 seusus:
1067 2418 1145 2477 cupiet
1151 2416 1237 2481 secisse
1250 2432 1336 2477 pmmu,
1349 2418 1409 2465 Cum
1423 2419 1510 2465 tubulis
1525 2421 1631 2466 animum

474 2480 613 2537 concedam,
627 2480 748 2529 Lucilium
763 2490 857 2545 poetam
875 2496 928 2531 esse
944 2496 1036 2529 comem
1070 2480 1174 2529 umus
1187 2489 1259 2529 mmet
1274 2482 1361 2529 bonati
1368 2499 1377 2540 ,-
1394 2482 1505 2539 Audebit,
1520 2500 1631 2545 quimu-

474 2552 500 2592 et
515 2546 643 2599 urbanum,
665 2554 690 2593 et
706 2544 847 2593 limatiorem
865 2546 925 2594 adeo
945 2545 1034 2602 Ennio,
1067 2561 1110 2608 qus
1129 2561 1214 2606 parum
1231 2546 1358 2606 splendoris
1380 2546 1502 2602 iubebunt,
1527 2546 1560 2595 Ει
1581 2551 1632 2595 sins

474 2618 499 2657 et
520 2609 574 2657 aliis
596 2608 751 2673 scriptoribus
772 2608 965 2681 antiquioribus,
993 2609 1035 2658 sed
1065 2612 1254 2670 ponderemur,
1266 2610 1383 2658 ethonore
1399 2610 1630 2676 indignuserentur,

476 2674 580 2729 Ennius,
599 2674 620 2721 si
638 2684 718 2722 nostra
735 2682 805 2723 artata
819 2682 918 2731 viveret,
933 2689 990 2731 uon,
1009 2682 1036 2724 ut
1071 2672 1144 2721 Verbo
1163 2690 1250 2722 marm
1265 2675 1320 2729 loeo,
1341 2678 1445 2738 quamuis
1469 2677 1546 2723 ίιιυὶιιι
1567 2692 1630 2724 πα-

475 2738 594 2795 Lucilius,
622 2738 700 2787 multa
729 2754 785 2803 quas
816 2738 924 2787 tollenda
956 2748 1036 2788 esseut
1067 2740 1135 2786 daut.

475 2800 626 2867 relinqueret,
639 2802 680 2851 sed
691 2802 805 2853 detereret
821 2813 893 2867 atque
911 2802 1033 2861 recideret,
1100 2802 1141 2851 75.
1171 2801 1274 2859 Dictaei,
1295 2818 1311 2851 a
1332 2801 1506 2866 ludimagistris
1528 2804 1631 2869 prrelegi

475 2882 528 2923 nec,
540 2866 602 2915 sicut
620 2866 738 2923 Lucilius,
748 2867 813 2916 brevi
830 2867 943 2933 temporis
957 2868 1049 2933 spatio¹
1067 2864 1105 2915 val
1114 2865 1215 2922 recitari,
1228 2876 1252 2915 et
1262 2882 1277 2915 a
1289 2866 1369 2933 pueris
1380 2867 1466 2916 edisci.

475 2932 565 2979 multos
584 2948 666 2980 versus
683 2942 770 2981 temere
787 2931 928 2987 effunderet.
949 2931 1035 2980 sedin
1100 2931 1141 2980 77.
1168 2930 1265 2993 Rrplosn
1288 2932 1434 2980 Arbuscula:
1463 2931 1577 2981 libertina
1606 2943 1632 2982 et

475 3010 543 3043 versu
566 2996 675 3045 iaciendo
699 3012 763 3061 sepe
783 3006 855 3063 caput
876 2997 984 3046 scaberet
1010 3006 1036 3045 et
1067 2993 1149 3051 mima,
1160 3002 1211 3043 tum
1222 2995 1349 3045 admodum
1362 2995 1471 3051 celebris,
1488 3005 1515 3043 ut
1532 3012 1546 3044 a
1564 3007 1633 3062 paret

474 3058 541 3107 vivos
551 3076 643 3125 ungues
654 3061 753 3115 roderet.
761 3062 786 3109 b.
793 3076 815 3111 e.
823 3076 942 3109 summum
951 3076 1034 3109 curam
1066 3074 1081 3107 e
1093 3060 1209 3109 Cicerone
1219 3060 1245 3107 in
1256 3059 1334 3126 Epist
1342 3061 1374 3109 ad
1382 3061 1436 3109 litt.
1445 3059 1478 3114 iv,
1486 3061 1527 3117 15,
1561 3064 1632 3110 ueris

475 3131 500 3172 et
527 3124 675 3188 diligentiam
701 3125 727 3173 in
752 3126 900 3191 expoliendis
928 3126 1034 3175 versibus
1066 3141 1130 3172 nunc
1148 3126 1177 3173 dc
1195 3126 1342 3181 Arbusculo3
1365 3127 1433 3174 vulda
1449 3126 1559 3187 placarit:
1584 3126 1632 3175 ali-

476 3197 580 3251 poneret.
614 3192 701 3238 Auctor
720 3189 751 3238 ad
770 3190 854 3239 Satira
876 3190 1033 3246 inventorem,
1066 3188 1280 3251 quaudotamena
1308 3188 1557 3246 lebe,utvidetur,ex
1578 3191 1632 3239 losa

475 3252 607 3310 Lucilium,
618 3270 674 3302 cum
691 3254 829 3303 Heindorlio
844 3262 868 3303 et
883 3254 938 3301 aliia
956 3253 1036 3303 referri
1066 3260 1119 3311 est;
1136 3253 1202 3302 unda
1220 3268 1247 3301 se
1266 3206 1327 3302 nilil
1346 3269 1430 3303 curare
1446 3253 1541 3318 plebem
1557 3208 1631 3312 dixit,

476 3318 577 3381 nequit,
597 3332 651 3366 nam
663 3320 736 3367 verba
755 3318 810 3367 inde
826 3334 841 3366 a
857 3320 895 3366 sed
909 3320 950 3366 illa
968 3318 1036 3366 nullo
1066 3316 1137 3365 modo
1148 3317 1258 3367 homines
1267 3318 1380 3369 cultiores
1390 3334 1421 3368 ex
1428 3317 1514 3369 ordine
1522 3319 1632 3385 equestri

477 3381 547 3430 modo
560 3382 648 3431 Lucilii
662 3383 757 3446 iugenio
774 3382 937 3431 conveniunt:
955 3392 1037 3430 atteror
1066 3380 1112 3429 sibi
1123 3382 1307 3447 applauderent.

473 3444 525 3510 jam
541 3454 578 3495 est
593 3446 691 3513 scriptor
700 3465 708 3507 ;
726 3456 750 3497 et
771 3455 834 3495 totus
851 3462 942 3505 versura,
961 3448 1037 3501 Quam
1099 3446 1206 3495 78-80.
1221 3448 1237 3496 J
1240 3462 1278 3495 am
1288 3446 1405 3495 Horatius
1415 3446 1557 3495 nominatim
1567 3464 1631 3513 qua·

476 3514 542 3559 rudis
563 3520 586 3559 et
607 3512 693 3562 Grecis
711 3514 794 3561 intacti
814 3514 924 3559 conuiuis
945 3522 1034 3569 auctor,
1066 3517 1121 3559 tuor
1136 3511 1291 3569 adversarios,
1303 3510 1447 3566 Pantilium,
1466 3512 1631 3571 Demetrium,

476 3574 597 3639 eleganter
614 3575 725 3642 exprimit
740 3576 861 3641 simplices
872 3591 950 3633 voces,
967 3594 1035 3639 quam
1068 3574 1198 3631 Fannium,
1209 3584 1235 3624 at
1244 3575 1383 3637 Tigellium,
1394 3584 1423 3624 ιιι
1433 3576 1544 3625 homines
1560 3578 1631 3652 inep·

477 3638 569 3689 Ennius
578 3659 586 3699 ς
605 3641 700 3690 Ennius
715 3640 779 3689 enim
793 3649 829 3688 est
840 3639 1034 3706 scriptorcarmi·
1067 3646 1105 3687 tos
1121 3648 1144 3688 et
1160 3640 1246 3704 dignos
1261 3655 1322 3715 quos
1343 3648 1488 3697 contemnat,
1508 3640 1633 3707 producit.

477 3703 515 3751 nsi
525 3708 592 3753 nidis
599 3706 719 3767 (noudum
731 3704 919 3768 elegantioribus
930 3704 1035 3754 numeris
1068 3704 1151 3752 Oratio
1161 3704 1186 3753 in
1197 3705 1236 3753 bis
1243 3706 1321 3754 tubus
1329 3706 1438 3754 versibus
1445 3713 1483 3753 est
1493 3706 1566 3770 paulo
1576 3722 1632 3755 ver-

477 3768 592 3827 adstricti,
604 3770 709 3817 noudum
717 3778 766 3817 arte
774 3768 1035 3827 elaborati,etmolliua
1049 3766 1053 3778 '
1066 3768 1157 3817 bosior:
1166 3769 1251 3833 junge,
1259 3769 1475 3827 dinumeratuur
1480 3774 1632 3826 maculant

478 3832 589 3907 fluentis)
610 3842 633 3881 ct
657 3834 742 3883 Grecis
766 3836 850 3908 intorti
878 3834 964 3898 (quale
986 3850 1035 3883 non
1067 3834 1144 3889 ludat,
1159 3837 1218 3897 quod
1235 3836 1305 3882 mnes
1319 3834 1448 3889 Pantilius,
1464 3837 1524 3896 quod
1544 3835 1631 3884 Deme·

477 3899 900 4011 ttttffltlttsllttnff
913 3906 1035 4012 luit
1067 3897 1632 4026 intirimztttnltttrltlttr

460 4046 464 4056 ·
478 4025 551 4087 nea).
571 4028 619 4074 Pro
631 4030 696 4075 rudis
705 4037 726 4075 st
739 4026 861 4091 ingeniose
872 4028 1035 4076 tentabatCa·
1069 4029 1135 4074 tillus
1146 4042 1161 4076 a
1171 4030 1259 4083 cimice,
1272 4027 1334 4075 male
1344 4026 1432 4082 olente,
1445 4036 1469 4074 et
1483 4026 1631 4078 dormientes

478 4091 602 4139 sanbonus
617 4092 647 4140 de
663 4092 736 4140 Rom.
753 4094 803 4140 Sat.
822 4109 847 4157 p.
862 4094 920 4149 255,
933 4093 1035 4147 lindius,
1087 4090 1189 4156 recipue
1216 4100 1318 4140 vexante
1343 4099 1416 4154 atque
1442 4091 1574 4147 mordeam,
1602 4103 1632 4143 ut

479 4163 508 4202 ut
526 4164 625 4204 vocatur
645 4156 739 4205 Ennius
756 4172 771 4204 a
790 4156 906 4205 Cicerone
922 4155 948 4204 in
966 4157 1036 4205 Orat.
1069 4108 1140 4203 bomo
1156 4172 1230 4221 quem
1247 4156 1327 4220 quivis
1341 4164 1461 4203 aversetur
1479 4155 1568 4219 dignus
1584 4156 1631 4206 de·

478 4234 521 4292 pro
539 4220 703 4275 Arcb.c.10,
719 4220 826 4286 epatris
843 4220 1036 4285 Rudiis,oppido
1067 4220 1184 4284 signatur.
1217 4221 1357 4275 Demetrius,
1377 4218 1519 4276 modulator,
1538 4230 1566 4269 ut
1585 4237 1631 4287 ap-

478 4299 504 4331 ιιι
516 4284 640 4334 Calabria.
675 4284 749 4341 Viros,
760 4284 791 4333 ad
802 4285 880 4333 virum
891 4300 978 4349 usque.
1067 4294 1135 4350 paret
1149 4300 1164 4333 e
1179 4302 1203 4334 v.
1217 4286 1250 4334 90
1265 4294 1290 4334 et
1302 4286 1351 4333 st:
1368 4284 1435 4332 clv.
1448 4286 1487 4341 ts,
1498 4283 1529 4333 ad
1544 4302 1630 4335 rocem

513 4350 619 4399 72-74,
635 4350 697 4411 Seps
706 4352 787 4399 stilum
802 4358 1037 4424 uertos,saepe,qum
1065 4353 1153 4397 simius.
1186 4351 1309 4398 Fannius:
1325 4347 1357 4397 cl.
1369 4363 1424 4413 sup.
1436 4348 1454 4404 i,
1466 4350 1544 4407 lat.

479 4413 602 4479 scripsisti,
614 4412 695 4463 deleas
705 4412 756 4463 siva
765 4413 1036 4471 emendemuuenm,
1100 4415 1207 4463 ar-so.
1234 4415 1292 4463 Jam
1314 4413 1429 4462 Horatius
1450 4414 1556 4478 appellat
1575 4430 1630 4472 eos,

479 4479 623 4543 quolitteru
638 4494 699 4529 cera
713 4478 916 4545 imprimebantur,
928 4493 1035 4543 persan-
1068 4478 1157 4542 quibus
1177 4477 1267 4591 scripta
1286 4493 1332 4527 sua
1352 4478 1448 4542 placere
1468 4477 1544 4551 cupit,
1564 4479 1632 4529 viros

510 4544 556 4594 rior
563 4553 614 4593 erat
627 4545 677 4593 lau
687 4544 736 4593 sive
747 4542 829 4609 plana,
844 4543 878 4592 ita
888 4540 997 4609 quidem,
1008 4552 1035 4593 ut
1069 4559 1153 4609 nempe
1161 4544 1219 4593 nobi
1238 4551 1286 4593 tate
1293 4551 1420 4608 poeseosat
1430 4541 1632 4605 doctrrnaegloria

496 4622 524 4657 ac
544 4608 627 4658 latiore
645 4608 732 4657 inversi
746 4606 796 4657 stili
809 4616 875 4673 parte
893 4607 967 4657 verba
981 4608 1036 4659 loco
1067 4608 1219 4675 conspicuos.
1244 4608 1351 4656 Plotius:
1368 4606 1400 4655 cl.
1408 4622 1464 4671 sup.
1475 4606 1505 4655 ad
1515 4606 1533 4662 i,
1545 4609 1570 4663 5,
1583 4609 1629 4657 40.

479 4672 650 4723 suomovariet
658 4672 741 4722 induci
749 4679 855 4739 possent.
871 4672 1033 4736 iterumque,
1071 4673 1173 4721 Varius.-
1187 4688 1242 4739 sup.
1260 4671 1292 4720 ad
1302 4670 1351 4721 0d.
1366 4670 1385 4729 i,
1397 4671 1422 4729 6,
1437 4672 1460 4729 l,
1471 4679 1497 4720 et
1505 4673 1557 4720 Sat.
1568 4670 1588 4728 i,
1600 4674 1628 4730 9,

479 4746 537 4787 cett.
549 4745 576 4787 ut
586 4737 617 4788 de
627 4737 718 4803 integro
729 4738 792 4789 lectu
803 4736 911 4802 digniora
926 4737 1032 4790 scribam
1066 4738 1108 4791 23.
1144 4738 1255 4803 Valgius:
1277 4736 1310 4786 cl.
1329 4751 1383 4802 sup.
1400 4736 1430 4785 ad
1449 4735 1498 4786 0d.
1513 4736 1539 4793 ii,
1556 4738 1582 4796 9,
1601 4740 1629 4786 5.
