3659 5892
487 533 525 596 18
916 533 1213 601 CARMINUM

568 684 747 770 Temperat
761 708 819 752 ora
833 687 967 754 froenist

612 787 681 852 Cur
697 788 787 854 timet
798 789 917 854 flavum
931 790 1081 856 Tiberim
1095 794 1255 878 tangeret
1277 813 1337 856 eur
1350 791 1470 858 olivum

569 888 734 974 Sanguine
749 891 894 976 viperino

507 992 547 1056 10
611 991 748 1056 Cautius
761 992 865 1058 vitati
888 1016 996 1078 neque
1005 993 1074 1079 jam
1087 993 1187 1058 livida
1199 1005 1309 1080 gestat
1322 995 1418 1060 armis

569 1093 722 1174 Brachia,
737 1117 825 1180 saepe
839 1097 944 1174 disco,

610 1194 707 1282 Saepe
722 1206 811 1262 mans
825 1196 924 1262 finem
933 1197 1043 1283 jaculo
1058 1198 1175 1265 nobilis
1189 1199 1369 1284 expedito?

570 1295 663 1370 Quid
676 1298 767 1377 latet,
783 1311 819 1365 ut
834 1301 967 1365 marinae

611 1398 729 1464 Filium
743 1401 857 1467 dicunt
871 1401 1025 1467 Tbetidis
1041 1403 1103 1466 sub
1115 1402 1286 1468 lacrimosa
1299 1401 1412 1486 Trojae

508 1501 549 1565 15
570 1499 711 1580 Funera,
727 1525 769 1568 ne
784 1503 883 1567 virilis

612 1601 728 1668 Cultus
744 1603 777 1668 in
792 1605 914 1672 caedem
929 1617 964 1671 et
979 1607 1099 1692 Lycias
1114 1609 1298 1694 proriperet
1311 1608 1480 1674 mtervast

914 1943 1120 2011 CARMEN
1142 1945 1207 2012 lX.

851 2157 908 2206 AD
941 2157 1275 2210 THALIARCHUM.

702 2314 824 2395 Vinus,
840 2329 878 2381 ut
892 2317 958 2380 alta
973 2329 1038 2382 stet
1051 2319 1125 2383 nive
1139 2320 1313 2385 candidum

702 2419 848 2497 Soracte,
862 2441 922 2484 nec
932 2420 1002 2504 jam
1015 2421 1197 2486 sustineant
1211 2445 1294 2488 onus

478 2621 703 2684 ,jaculumjactendo
720 2620 745 2670 in
759 2635 845 2689 campo
854 2623 944 2673 Martio
952 2639 1048 2674 exerce·
1080 2624 1163 2674 Disco:
1182 2625 1314 2675 dissuluit
1325 2641 1405 2676 massa
1417 2624 1531 2691 plumbea
1545 2622 1584 2672 vel
1595 2621 1641 2672 ser·

486 2683 582 2742 bantur,
599 2685 726 2734 recenseti
745 2701 770 2736 se
787 2695 865 2753 posta.
899 2689 981 2738 Oderit
996 2704 1048 2755 pro,
1079 2703 1128 2746 raa,
1137 2689 1163 2738 in
1171 2689 1232 2739 disci
1240 2689 1344 2758 speciem
1352 2689 1477 2740 rotundam
1483 2687 1642 2744 conformem,

486 2747 545 2796 odit.
572 2750 696 2822 Apricum:
713 2703 755 2799 ubi
765 2759 838 2801 ustus
853 2752 919 2810 solis,
931 2752 972 2802 cui
982 2769 1048 2802 cam·
1080 2767 1154 2828 quam
1162 2754 1264 2830 juvenes
1273 2755 1298 2804 in
1308 2753 1518 2804 exercitationibus
1528 2767 1642 2818 gymnas·

487 2828 533 2879 pus
544 2813 649 2862 Martius
659 2815 780 2880 expositus
791 2823 835 2875 est,
847 2815 960 2866 ferendus
970 2826 1016 2867 est.
1079 2817 1142 2875 treis,
1152 2822 1240 2868 virium
1250 2827 1300 2868 tam
1313 2820 1499 2870 exercendarum
1510 2833 1585 2882 quam
1597 2831 1642 2891 ap·

519 2877 593 2926 t-t.
612 2878 735 2938 Militanti,
752 2889 868 2955 tanquam
888 2881 966 2941 miles,
983 2895 1049 2931 mors
1080 2882 1211 2947 pendanum
1225 2884 1351 2941 causa,sd
1364 2894 1454 2933 certam
1467 2891 1556 2931 metam
1567 2897 1641 2947 prop·

486 2940 598 3000 militari,
615 2942 702 2991 milites
711 2961 764 2994 nem
806 2946 1047 3013 imitabanturpucri,
1079 2946 1192 3008 ciebant,
1213 2948 1338 3014 descripsit
1354 2948 1419 2997 huuc
1435 2947 1521 2996 ludum
1542 2947 1644 2996 Homer.

486 3014 511 3054 at
525 3006 610 3079 ludam
626 3006 752 3058 militarem
774 3009 888 3058 udebant.
922 3009 1049 3076 Sunt,qui
1080 3011 1229 3078 Odysmiii,
1243 3014 1290 3062 tao
1301 3029 1355 3088 sqq.
1376 3009 1642 3084 Erpeditasignilicsn·

487 3070 614 3119 Horatium
623 3081 733 3136 equestre
739 3073 801 3122 illud
809 3074 925 3124 nobilium
930 3075 1048 3139 juvenum
1079 3082 1115 3125 ter
1130 3093 1181 3143 pro,
1198 3077 1280 3136 misso,
1295 3086 1417 3143 pmJect03
1439 3075 1502 3126 inest
1517 3091 1583 3124 emm
1604 3076 1642 3138 τῳ·

486 3134 653 3184 Romanorum
670 3145 799 3197 conamen,
812 3141 893 3188 ludam
909 3139 982 3203 Trpie
996 3139 1048 3188 die·
1079 3144 1181 3204 expedito
1194 3142 1260 3191 notio
1272 3141 1407 3200 facilitatis,
1421 3155 1472 3206 qua
1483 3140 1582 3206 Sybaris
1591 3138 1643 3188 dis-

486 3205 547 3256 tum,
560 3199 689 3266 respexisse
703 3201 859 3262 arbitrentur,
877 3203 928 3260 sed,
945 3213 973 3252 ut
987 3205 1050 3254 bens
1080 3219 1137 3254 cum
1158 3213 1184 3256 et
1201 3207 1313 3273 jaculum
1335 3213 1402 3255 trans
1421 3211 1508 3255 mamm
1525 3203 1644 3271 projicere

485 3263 596 3312 observat
607 3263 647 3314 Cl.
661 3264 760 3316 Mitsch.
771 3269 840 3316 ludus
852 3268 924 3332 Trry'oe
940 3267 985 3333 (de
1000 3283 1050 3334 quo
1079 3269 1196 3320 salusmt

486 3325 519 3376 cs.
532 3327 601 3392 Virg.
614 3329 673 3378 AEn.
688 3333 712 3388 5,
724 3333 773 3381 545
784 3331 854 3398 sqq.)
865 3341 915 3382 arat
926 3332 1048 3392 solemnis,
1114 3336 1219 3385 la—lu.
1228 3336 1292 3390 Quid
1303 3337 1369 3393 bret,
1377 3345 1407 3384 st
1416 3335 1511 3382 nerine
1520 3339 1644 3381 cemm-

483 3399 509 3441 st
524 3407 576 3441 ram
638 3393 716 3444 batur.
749 3395 926 3454 Gallica-ors,
941 3397 967 3446 lr.
984 3413 1007 3448 e.
1020 3413 1048 3448 os
1079 3413 1136 3448 sus:
1170 3400 1213 3449 uid
1230 3400 1290 3449 latet
1305 3399 1404 3465 Sybaris
1422 3396 1488 3472 apud
1504 3405 1538 3455 ts,
1553 3395 1643 3462 Lydia,

484 3456 1046 3576 restruantur
1079 3461 1522 3579 tantun
1535 3461 1643 3574 cn·

486 3537 633 3659 annisis)
641 3530 975 3662 ,liab‘llbgrtl‘iimt
986 3542 1048 3642 {¹102
1079 3541 1191 3643 lirun
1205 3545 1376 3669 ,tillidi
1393 3590 1515 3648 usuum,
1533 3561 1643 3664 nonni

485 3665 548 3700 cram
558 3651 648 3702 deman
661 3651 780 3703 debebant
790 3654 869 3704 irenis
884 3657 979 3718 lupatis,
991 3655 1046 3710 h.e,
1077 3657 1146 3706 cultu
1156 3658 1264 3725 proditus
1279 3658 1311 3708 ad
1321 3657 1412 3708 casdem
1427 3663 1511 3706 contu
1522 3655 1644 3719 Troianos

485 3713 566 3765 ferreis
585 3715 684 3776 aculeis,
699 3717 742 3783 qui
756 3720 806 3782 tupi
821 3717 919 3786 (λύκοι)
930 3719 1044 3770 diceban·
1076 3721 1194 3787 proficisci
1210 3731 1342 3787 cogeretur.
1376 3719 1497 3770 Nimirum
1512 3735 1570 3768 cum
1582 3719 1642 3777 iata,

486 3788 533 3836 tur,
546 3779 676 3831 iustnrctis.
1075 3801 1106 3834 ex
1123 3786 1213 3851 quibus
1227 3787 1384 3836 constitutum
1401 3785 1457 3842 ruit,
1474 3791 1503 3832 ut
1517 3782 1642 3842 Achilles,

518 3845 542 3901 Β,
554 3845 581 3893 9.
596 3846 646 3893 Cur
654 3847 717 3894 timet
720 3845 814 3910 flavum
824 3847 923 3896 Tiberim
933 3852 1043 3914 tangeret
1074 3849 1095 3898 si
1109 3849 1134 3899 in
1149 3851 1243 3901 bellum
1257 3851 1389 3918 Trojsuum
1400 3846 1596 3916 proficisceretur,
1608 3849 1644 3898 ibi

486 3909 587 3973 Egregie
603 3908 635 3957 ad
651 3909 749 3975 Sybaris
766 3910 889 3961 mollitiem
904 3914 1044 3971 notandam,
1076 3915 1171 4027 periret,
1181 3916 1247 3965 baud
1257 3915 1370 3965 fallerent
1379 3915 1434 3980 ejus
1447 3921 1546 3962 matrem
1556 3911 1644 3962 Theti.

501 3987 526 4020 ro
552 3973 653 4036 vulgari,
678 3990 721 4023 cur
744 3989 793 4022 uon
813 3985 881 4026 natat
900 3977 926 4026 in
948 3979 1045 4028 Tiberii
1093 3977 1642 4040 em;borumeludendorumesusaillafilium

515 4037 799 4088 ollioresenimhomines
810 4055 898 4106 squam
910 4050 1047 4107 natangere
1078 4044 1253 4110 suumapudL
1322 4043 1560 4106 edeminScyrosub
1571 4043 1643 4092 cultu

484 4100 581 4164 quidem
596 4101 694 4158 sudent,
708 4101 796 4152 nedum
811 4104 874 4153 utin
886 4105 1046 4158 illsnatando
1078 4059 1435 4166 muliebrioccuictsosnsedieitm
1444 4105 1643 4167 urdeisdsinde,

484 4179 510 4214 se
524 4175 658 4215 exerceant.
692 4167 743 4215 Cur
752 4169 837 4216 olivum
853 4178 909 4220 cett.
921 4187 965 4220 cur
978 4187 994 4220 a
1004 4189 1046 4238 ps·
1078 4187 1135 4221 cum
1144 4173 1454 4238 Deidamia,cujusamore
1460 4171 1642 4238 eaptusiuetat,

483 4229 571 4287 instra,
588 4230 666 4294 magis
683 4247 756 4296 quam
774 4247 790 4281 a
806 4248 898 4283 veneno
912 4238 1047 4301 praesentia
1079 4250 1106 4284 se
1116 4237 1194 4286 virum
1204 4237 1355 4304 prodidisset,
1365 4239 1396 4287 ab
1408 4237 1499 4301 Ulysss
1511 4235 1537 4283 in
1547 4235 1643 4285 bellum

483 4291 543 4343 simo
563 4294 609 4344 sibi
630 4297 716 4345 cavett
744 4296 846 4354 Olivam,
865 4315 907 4365 pro
926 4301 1046 4364 masna,
1078 4301 1211 4366 Trojtnum
1229 4310 1362 4368 protractus
1382 4309 1427 4351 est.
1469 4299 1558 4348 Fusius
1576 4299 1642 4350 hanc

483 4358 542 4423 quia
552 4358 668 4409 luctaturi
678 4358 712 4408 ibi
722 4367 787 4410 artus
795 4377 851 4410 suos
859 4363 922 4422 oleo,
934 4380 965 4413 ne
975 4365 1047 4416 facile
1078 4379 1129 4413 rem
1147 4367 1260 4416 uscmvit
1275 4367 1367 4416 Statius
1387 4366 1414 4414 in
1431 4363 1585 4414 Achilleids:
1606 4365 1643 4414 ci.

482 4423 557 4472 teneri
582 4432 680 4490 possent
706 4424 736 4473 ab
763 4425 905 4486 adversario,
931 4429 1047 4493 inungere
1078 4429 1152 4479 Bion.
1162 4430 1201 4480 Id.
1210 4430 1245 4480 ri.
1272 4428 1642 4493 mtmmffioesunm:

482 4487 600 4539 solebant.
621 4489 722 4554 Sanguis
732 4491 984 4552 aspernamentum
994 4495 1045 4544 effi·
1077 4509 1135 4543 eum
1154 4495 1237 4544 Graeci
1250 4495 1281 4544 ed
1297 4495 1392 4544 bellum
1408 4492 1596 4543 funestissimum
1615 4509 1643 4543 ss

482 4551 644 4630 sanissimum,
668 4553 761 4604 utini.
784 4555 865 4622 Epod.
888 4559 912 4618 u,
933 4559 958 4618 6,
979 4575 1049 4608 erswr
1078 4558 1245 4624 accingerent3
1262 4559 1356 4625 suma
1374 4575 1416 4625 pro
1435 4557 1509 4632 bello,
1528 4557 1642 4633 funerum

482 4633 621 4732 splegno&
638 4683 834 4743 Linida-ermt's,
845 4685 871 4734 h.
883 4701 905 4734 e.
914 4685 988 4736 livore
1004 4702 1046 4736 no·
1077 4637 1162 4747 appa.
1163 4689 1180 4737 S
1203 4623 1299 4738 Lycisade
1310 4622 1641 4762 eli.(leiatircbojddcibirs,libii³

483 4748 795 4808 sacratissimaru,
813 4751 1047 4818 etjaculipondsrs.
1075 4752 1187 4817 junorum
1206 4752 1374 4804 ueruntsocir.
