3659 5892
870 537 1057 598 HORATll
1079 537 1243 598 METRA.

878 684 1002 848 Terruid
1010 789 1116 846 turbem.

362 933 370 948 ,
562 879 616 938 Est
629 879 659 937 in
673 889 765 939 metro
778 881 816 939 vi.

485 971 531 1030 14.
552 971 663 1032 Versus
684 973 886 1035 Archilochius
906 977 1009 1047 minor,
1023 999 1046 1037 s.
1060 977 1184 1037 dimeter
1197 971 1457 1055 hypercatalectus,
1471 991 1495 1028 s.
1510 967 1631 1047 penthe-

561 1067 687 1128 mimeris
701 1067 906 1150 (τενθημιμερῖς)
922 1070 1072 1150 dactylica.

720 1265 1098 1327 Pulvisetumbrasumur.
1138 1269 1178 1337 iv,
1193 1269 1221 1337 7,
1237 1265 1283 1324 16.

564 1358 704 1418 Horatius
717 1361 850 1439 spondeis
863 1381 920 1420 non
934 1362 1037 1421 utitur.

563 1451 638 1513 Est
630 1475 660 1512 ur
673 1467 765 1516 metro
778 1475 826 1514 ur
850 1457 886 1514 cf
901 1451 1568 1534 num.20et2l,etqua1b1proam1ssasunt.

485 1545 530 1604 15.
553 1547 663 1608 Versus
676 1549 834 1628 dactylicus
847 1560 1017 1610 tetrameter
1030 1551 1195 1620 catalectus,
1209 1570 1232 1609 s.
1245 1558 1414 1609 tetrameter
1427 1547 1567 1605 heroicus.

720 1829 856 1888 Carsulae
864 1657 1005 1906 peipetmi
1013 1833 1166 1892 celebrare.
1206 1833 1227 1901 i,
1241 1830 1270 1901 7,
1284 1829 1312 1889 6.

720 1923 747 1982 0
753 1923 851 2000 sortes
859 1925 1020 2004 pejoraque
1027 1928 1120 2004 parsi.
1161 1929 1181 1997 i,
1196 1928 1224 1996 7,
1237 1927 1287 1986 30.

718 2017 880 2075 Memorem
895 2016 1034 2096 cohilbeat
1048 2019 1198 2101 Arlchyta.
1239 2021 1259 2090 1,
1276 2019 1325 2091 28,
1348 2019 1378 2088 2,
1398 2018 1449 2096 qui
1471 2016 1633 2076 rarissimus

452 2280 463 2298 ·
562 2207 702 2267 Horatius
722 2230 858 2271 caesumm
879 2215 1031 2275 coustituit
1050 2222 1116 2292 post
1135 2210 1258 2290 primam
1276 2208 1416 2289 syllabam
1437 2123 1632 2266 11133333

489 2327 493 2344 ’ν
560 2313 610 2360 out
624 2303 703 2362 tertii
716 2305 818 2382 pedis;
839 2310 969 2388 exceptis
982 2322 1028 2369 ter
1041 2307 1169 2367 versibus
1182 2304 1256 2364 ode
1268 2303 1309 2362 28
1322 2303 1372 2363 lih.
1386 2303 1406 2360 i.

560 2395 615 2454 Est
628 2396 658 2453 iu
673 2407 764 2458 metro
777 2399 838 2458 xiii.
1288 2409 1306 2442 ⁹

483 2490 528 2547 16.
549 2490 661 2550 Versus
675 2491 854 2566 Alcmauius,
867 2497 918 2575 qui
932 2509 976 2557 est
989 2497 1150 2575 dactylicus
1162 2503 1333 2554 tetrameter
1346 2491 1530 2552 acatalectus.
1608 2511 1611 2516 ·

559 2775 595 2831 31.
611 2793 691 2833 uum.
708 2776 753 2835 19

482 2866 528 2933 17.
560 2865 670 2928 Versus
684 2871 852 2932 hexameter
866 2870 1026 2951 (heroicus)
1013 2873 1101 2953 ),qni
1114 2885 1159 2933 est
1172 2872 1336 2932 catalcotus.

596 2977 1229 3152 tlt

600 3149 658 3213 Vos
684 3152 787 3229 quibus
813 3161 854 3212 est
882 3155 976 3212 virtum
1001 3153 1163 3214 muliebrem
1190 3155 1282 3213 tollite
1308 3151 1423 3210 luctum

1334 3245 1427 3325 upon
1443 3243 1551 3316 1333.

560 3334 713 3397 Interdum
735 3341 878 3418 spondeus
896 3354 940 3403 est
962 3345 993 3402 in
1015 3343 1083 3403 sede
1103 3345 1215 3422 quinta,
1233 3346 1253 3413 i,
1272 3343 1321 3412 28,
1337 3343 1394 3413 21,
1422 3340 1516 3419 Epod.
1531 3337 1578 3406 13,
1592 3339 1630 3405 9;

560 3432 609 3502 16,
625 3431 670 3502 17.
713 3434 875 3514 Aliquoties
896 3457 1003 3498 333333
1020 3458 1077 3496 333
1097 3439 1127 3496 13
1145 3438 1230 3498 initio
1245 3438 1328 3517 pedis
1343 3437 1424 3497 tertii
1442 3435 1493 3495 sed
1510 3431 1630 3493 secundi

558 3537 589 3586 et
601 3527 696 3604 quarti
709 3529 796 3587 simul
814 3530 1010 3601 constituitur,
1024 3533 1044 3600 i,
1059 3529 1088 3600 7,
1101 3531 1141 3590 29
1149 3554 1158 3602 ;
1180 3531 1229 3601 28,
1242 3531 1272 3589 5.
1312 3531 1406 3610 Epod
1421 3529 1469 3599 16,
1483 3528 1532 3586 21.
1573 3525 1633 3583 Ter

559 3638 597 3680 ne
610 3623 658 3680 hic
670 3622 787 3700 quidem
801 3625 977 3695 observatur,
991 3625 1012 3693 i,
1026 3624 1075 3694 28,
1091 3623 1127 3683 15
1141 3636 1172 3685 et
1184 3625 1243 3695 293
1264 3625 1358 3706 Epod.
1375 3623 1422 3694 15,
1435 3625 1465 3683 9.

482 3743 486 3750 ·
561 3717 618 3776 Est
631 3717 661 3778 iu
675 3727 767 3776 metro
780 3719 821 3788 lx,
836 3739 865 3789 x,
880 3719 943 3788 xiii,
957 3720 1016 3790 xvi,
1030 3719 1099 3777 xvii.

894 3911 920 3949 e.
945 3891 1052 3950 Versus
1064 3886 1223 3971 logaoedici.

561 4001 610 4060 Sic
630 4001 652 4060 ii
671 4001 808 4061 dicuntur
822 4019 931 4070 versus,
952 4002 982 4060 in
1003 4003 1108 4081 quibus
1128 4003 1231 4063 seriem
1252 4001 1423 4080 dactylicam
1445 4001 1632 4080 subsequitur

476 4090 569 4158 series
578 4096 729 4155 trochaica.
756 4095 872 4154 Nomen
882 4095 1105 4172 loguoedicorum
1118 4097 1187 4157 inde
1198 4105 1381 4175 acceperuut,
1391 4094 1468 4173 quod
1478 4095 1632 4172 rhythmus

482 4191 640 4268 dactylicus
656 4195 738 4269 ἀοιδῇ,
752 4189 911 4249 trochaicus
925 4191 991 4266 Mys
1006 4190 1242 4250 accommodatior
1254 4200 1307 4250 est.

483 4285 529 4345 18.
563 4283 674 4345 Versus
687 4285 823 4344 Alcaicus
836 4285 1045 4363 decasyllabus,
1055 4296 1188 4346 constans
1201 4305 1218 4344 e
1232 4284 1344 4342 duobus
1357 4283 1481 4361 dactylis
1493 4283 1631 4344 totidem·

561 4400 619 4460 que
632 4379 770 4439 trocheis.

750 4470 814 4493 -νν
838 4471 843 4552 Ι
866 4471 933 4493 *UH
956 4477 962 4558 Ι
985 4471 1025 4492 -U
1049 4471 1092 4494 -Η

745 4557 896 4635 Purpurei
907 4565 1033 4615 metuunt
1046 4556 1175 4635 tyranni.
1193 4591 1195 4595 ν
1215 4558 1237 4626 1,
1249 4556 1299 4626 35,
1315 4555 1361 4615 lt.

561 4651 615 4714 Est
629 4654 659 4711 in
674 4661 766 4711 metro
779 4652 838 4709 viii.
