3659 5892
643 554 811 621 LIBER
833 554 862 634 1,
887 558 939 620 12.

297 710 365 788 Tu,
380 730 607 795 quamcunque
622 710 718 775 Deua
733 711 794 775 tibi
807 709 1021 775 fortunaverit
1035 708 1159 785 horam,

298 812 406 877 Grata
421 833 512 877 eume
525 833 641 890 manu;
663 834 725 877 nec
739 811 850 899 dulcia
863 810 961 876 differ
975 812 1009 875 in
1024 833 1161 889 annum,

297 913 356 992 Ut,
372 935 568 999 quocunque
583 912 656 979 loco
670 913 783 991 fueris,
797 914 918 979 vixisse
931 912 1072 979 libenter

229 1016 275 1079 25
296 1014 348 1080 Te
363 1016 476 1080 dicas:
494 1038 569 1079 nam
584 1017 612 1080 ai
626 1016 710 1079 ratio
725 1027 759 1081 et
772 1016 949 1101 prudentia
963 1038 1070 1092 curat,

294 1116 374 1181 Non
387 1116 480 1181 locus
494 1116 591 1183 effusi
606 1116 671 1182 late
686 1117 783 1181 maria
798 1118 933 1194 arbiter,
949 1116 1074 1195 aufert3

294 1218 434 1297 Coelum,
449 1241 515 1283 non
529 1220 680 1296 animum,
695 1228 822 1283 mutant
836 1219 893 1304 qui
908 1228 1100 1283 transmare
1115 1227 1261 1283 currunt.

295 1320 437 1385 Strenua
450 1342 511 1385 noa
524 1331 658 1385 exercet
672 1320 808 1385 inertiae
829 1320 968 1385 navibus
983 1330 1082 1405 atque

295 1422 476 1507 Quadrigia
490 1424 632 1508 petimua
646 1423 731 1487 bene
745 1423 872 1487 vivere:
895 1422 985 1506 quod
999 1423 1097 1508 petia,
1112 1421 1167 1487 hic
1181 1427 1256 1500 θεῖς

229 1524 274 1587 30
294 1523 359 1589 Est
374 1524 524 1604 Ulubris,
539 1526 665 1590 animus
680 1524 708 1589 ei
722 1534 755 1589 te
769 1546 836 1589 non
848 1522 962 1589 delicit
977 1546 1102 1608 aequus.

614 1845 855 1912 EPISTOLA
879 1846 959 1912 ΧΠ.

598 2078 674 2126 ΔΙ)
721 2076 971 2127 Iccium.

293 2238 488 2304 Faucrraue
503 2236 663 2324 Agrippae
679 2236 809 2314 Siculis,
824 2260 907 2322 quoa
922 2236 1059 2323 colligis,
1075 2236 1153 2315 Icci,

294 2340 331 2404 Si
345 2352 434 2406 recte
448 2340 578 2418 frueris,
594 2362 660 2405 non
673 2350 725 2405 aet
739 2350 778 2403 ut
791 2340 887 2425 copia
900 2340 1004 2423 major

293 2439 350 2507 Ab
363 2442 447 2508 Jove
462 2444 577 2508 donari
590 2443 696 2528 possit
711 2442 788 2506 tibi:
812 2441 888 2508 tolle
902 2440 1070 2527 querelam

207 2608 327 2674 quinam
342 2626 408 2661 mare
422 2621 528 2671 currunt,
540 2628 588 2662 nnn
599 2610 770 2669 animemed
833 2614 875 2663 80.
900 2612 943 2660 Ert
970 2612 1075 2659 Ulubris.
1120 2611 1222 2667 Ulabrae,
1247 2610 1362 2676 oppidum

208 2674 299 2723 coelum
317 2684 408 2725 tantum
427 2686 531 2726 mutant.
567 2677 615 2726 Sed
633 2677 668 2726 aic
686 2692 770 2725 sumna
801 2675 916 2740 exiguum
933 2684 957 2725 et
974 2674 1160 2725 deaeniaaimum
1180 2676 1206 2723 in
1221 2690 1277 2741 agro
1289 2678 1362 2725 Pom·

208 2738 604 2808 bominea,navibuactquadrigia
613 2741 676 2791 recti
686 2741 770 2805 procul
801 2739 861 2789 tino.
898 2742 998 2789 Animus
1021 2756 1106 2803 equus.
1125 2739 1167 2803 qui
1188 2740 1235 2787 ribi
1257 2748 1361 2797 cunctat,

207 2803 310 2867 patimus
329 2804 393 2868 qnod
412 2804 439 2853 in
461 2807 594 2872 propinquo
614 2814 652 2855 eat
671 2813 770 2855 etanta
801 2819 851 2853 non
871 2806 952 2854 rarius
972 2812 997 2853 et
1018 2802 1141 2852 mutabilia
1161 2812 1218 2864 ειη
1247 2804 1362 2853 Harmina

209 2867 381 2932 padeajacat”
800 2866 874 2943 igitur
890 2868 999 2918 Bullatio
1020 2868 1093 2933 paulo
1114 2868 1192 2917 laniuc
1209 2869 1362 2934 exprobrante

242 2934 281 2981 14.
301 2933 334 2981 Ut
339 2934 491 3010 fortunatum
504 2936 572 3009 plene
584 2936 719 2997 prestantia
732 2935 769 3007 pi·
800 2933 893 2981 udatur
902 2933 1098 2983 inconstantiam.

209 3001 566 3111 lallniilbllcllcmrtfalmqmbm
576 2998 680 3065 palm
692 3006 771 3063 pm
956 3060 1127 3110 EPISTOLA
1145 3062 1207 3109 xli.

243 3126 281 3173 1⁷.
298 3126 387 3175 ΒΙωιίιι
397 3137 420 3175 ιι
430 3127 559 3191 Mitylene.-
571 3128 603 3177 ci.
612 3142 667 3192 aup.
676 3124 708 3175 ad
718 3124 767 3174 Od.
832 3125 935 3183 Iccium,
950 3124 1069 3174 bominem
1086 3124 1220 3189 querulum,
1232 3131 1257 3172 et
1273 3122 1362 3172 duruit

210 3187 229 3245 i,
241 3190 265 3245 7,
276 3192 299 3238 l.
799 3189 851 3237 auia
861 3188 969 3238 nondum
979 3197 1126 3245 contentum,
1138 3204 1151 3237 a
1170 3188 1241 3255 plura
1256 3187 1361 3237 habendi

242 3255 281 3301 18.
299 3254 399 3311 Peraia,
409 3253 483 3305 vatis
493 3254 602 3311 craaaiar,
612 3271 661 3321 qna
677 3255 721 3305 iter
731 3254 766 3302 ia·
800 3253 930 3320 cupiditate
946 3252 1091 3311 dehortatur,
1106 3262 1131 3303 et
1147 3253 1173 3301 in
1190 3253 1268 3317 copia,
1287 3267 1361 3317 quam

207 3316 697 3385 cieumwmuniabantcontrabiguaet
712 3319 767 3384 plu·
797 3318 850 3383 jam
870 3318 967 3374 lrabeat,
987 3318 1139 3382 acquiescere
1161 3316 1236 3367 'ubet
1268 3317 1362 3365 Iccium

207 3381 284 3431 viamz
302 3382 352 3430 vid.
371 3385 466 3434 Erueat.
481 3384 554 3433 Clar.
573 3386 627 3435 Cic.
644 3398 665 3432 ι.
681 3400 706 3433 v.
725 3384 770 3431 Pe·
802 3382 939 3431 divitiarum
951 3381 1139 3445 colligendarum
1151 3334 1262 3445 lagraaaa
1273 3380 1363 3437 studio,

208 3448 276 3495 nair.
309 3448 448 3510 Campam,
463 3447 632 3507 velamentum,
652 3463 710 3513 quo,
726 3446 770 3511 qui
799 3448 851 3521 jam
862 3462 892 3496 ax
909 3446 1128 3496 Carmineadeum
1144 3446 1232 3510 scripto
1247 3460 1301 3510 cup.
1314 3445 1362 3493 Od.

209 3518 291 3559 natata
308 3510 367 3559 nudi
382 3511 480 3562 inCam
529 3514 619 3561 Martio
637 3514 769 3570 certabant,
800 3527 818 3567 r,
842 3512 884 3567 29,
910 3510 952 3559 ubi
974 3511 1088 3559 Horatius
1113 3509 1206 3559 Iccium
1230 3508 1363 3559 ditescendi

209 3574 264 3623 adn
335 3574 383 3624 uda
391 3576 472 3641 puden
489 3578 726 3642 atuccingebantur.
800 3590 875 3624 cauae
885 3573 991 3623 animum
1008 3574 1038 3623 ad
1054 3573 1164 3622 militiam
1182 3573 1303 3639 appulisse
1319 3573 1361 3631 ait,

240 3640 282 3688 20.
319 3642 397 3689 ιιίιιιιι
415 3651 490 3690 carnut
507 3642 613 3689 Fortuna
631 3643 769 3707 benignam:
801 3637 884 3702 colligi
893 3647 979 3704 potest.
1013 3640 1051 3687 Ea
1067 3638 1097 3685 iis
1111 3647 1257 3703 autamqua
1272 3638 1297 3685 in
1316 3636 1361 3687 hac
1404 3633 1408 3641 ’

208 3717 278 3752 ranan
292 3702 365 3767 igitar
374 3704 448 3753 initae
462 3703 654 3762 videnturcnrar,
667 3720 770 3769 quarum
802 3702 912 3769 Epistola
929 3702 1018 3767 passim
1039 3700 1220 3814 adsperguntur,
1239 3718 1262 3751 v.
1280 3704 1305 3759 a,
1322 3704 1361 3757 14.

208 3767 487 3843 deponendammcanaa
500 3770 695 3835 peregrinabatur
707 3769 769 3817 Bul·
801 3769 843 3826 21,
864 3766 968 3816 eundern
989 3766 1063 3815 luisse
1103 3781 1206 3815 ormnem
1227 3765 1362 3815 aordidiaai-

210 3831 291 3882 latrna.
802 3848 877 3888 mum,
888 3831 953 3880 haud
964 3831 1064 3880 obacura
1074 3829 1223 3896 intelligitur.

241 3898 284 3945 24.
305 3897 420 3955 menter,
430 3896 543 3953 nutriter,
553 3895 670 3961 jucunde.
835 3898 859 3945 l.
892 3897 1017 3945 Fructibus
1045 3896 1154 3960 Agrippa
1181 3896 1276 3951 suntin,
1304 3902 1362 3944 catt.

241 3962 283 4009 26.
300 3961 354 4010 Noa
369 3964 430 4010 locut
447 3961 516 4026 effari
528 3964 574 4009 late
586 3963 656 4008 naris
666 3962 769 4009 arbiter:
801 3962 933 4024 Postquam
949 3958 1030 4009 Iccius
1045 3974 1088 4025 ape
1105 3958 1240 4008 divitiarum
1257 3957 1281 4006 in
1297 3958 1362 4007 ballo

210 4025 280 4074 locua
295 4040 369 4090 aquo
382 4026 457 4074 libera
468 4026 571 4091 proapici
586 4024 705 4091 potentin
720 4025 769 4075 lata
801 4024 866 4089 (rid.
881 4039 936 4089 aup.
947 4025 1050 4074 Cannen
1069 4024 1139 4072 modo
1159 4022 1298 4085 laudatum)
1315 4023 1363 4072 tibi

242 4096 294 4137 tens
312 4105 386 4145 mara,
403 4089 492 4138 dicitur
508 4092 580 4138 nuria
596 4092 692 4147 arbiter,
710 4089 768 4139 b.e.
800 4088 1015 4154 comparandarum
1040 4087 1169 4143 exciderat,
1193 4087 1249 4143 alie,
1273 4086 1362 4151 quibua

226 4154 329 4210 ominus,
339 4154 366 4201 in
377 4169 442 4204 mara
473 4152 770 4214 umidominana310cna
800 4154 850 4203 rati
861 4153 899 4201 aui
907 4167 1006 4217 compca
1016 4152 1088 4209 tieret,
1100 4151 1203 4201 circnma
1234 4150 1278 4201 xit.
1310 4152 1362 4200 Na·

210 4225 289 4266 mrtem
311 4218 354 4282 qui
372 4218 422 4267 lata
437 4169 508 4293 alnei
525 4218 597 4267 maria
618 4227 769 4284 proepactnm
818 4234 849 4267 nc
860 4216 886 4291 id
896 4217 992 4272 frustra,
1005 4216 1113 4291 Agrippa
1127 4216 1191 4291 enim
1203 4168 1299 4290 licium
1308 4215 1362 4264 lati·

210 4282 651 4397 P‘ilflsilililiilli'rmr..
681 4347 771 4396 n...
801 4279 1368 4419 ,ffisstrbt‘tssrlf¹i¹,¹t,tlm¹s”titz

210 4411 329 4524 bbulrlrlbl
337 4410 670 4525 οῗιῖἶιιωὶῗιιτιῗιἰἱὶιιιιιιιῃὶιιίὲτοιξιῖιῐὶιιι
671 4422 773 4540 1ὶγὶιὲηιῗιῗιιί
802 4411 890 4523 Sicldll
899 4408 1137 4537 ebullelltdlrctllllllit
1149 4471 1249 4536 (Gracc
1271 4471 1315 4521 aba
1324 4471 1363 4521 in·

211 4554 259 4588 non
269 4539 421 4606 auacipcreat
429 4540 529 4606 exsequi
540 4540 669 4597 debebant,
677 4555 768 4605 gnaro·
798 4558 839 4591 rw
857 4538 892 4595 ric
910 4538 949 4587 vel
969 4536 1061 4595 ὅπως),
1081 4553 1133 4604 pro,
1150 4551 1199 4584 non
1220 4543 1310 4601 potant:
1329 4537 1362 4586 ci.

211 4618 238 4653 ac
263 4605 434 4668 rabantetqna
442 4614 559 4655 euenum.
800 4619 856 4669 nup.
873 4601 923 4651 Od.
941 4601 977 4659 iii,
992 4602 1014 4658 l,
1031 4602 1057 4650 9.
1091 4602 1152 4649 Tolle
1170 4602 1289 4663 querelae:
1305 4616 1362 4664 crgo

277 4702 284 4717 .
302 4669 406 4718 Patimur
416 4671 471 4718 baar
480 4673 564 4727 vitare,
576 4669 679 4735 petimur
689 4669 769 4718 locum
799 4669 851 4733 jam
861 4682 925 4732 sepe
937 4664 1027 4721 lecim,
1035 4672 1062 4713 ut
1071 4666 1149 4715 acient
1159 4664 1232 4722 avari,
1242 4663 1272 4714 da
1283 4680 1367 4714 rernm.

212 4732 457 4783 ubibencviramua.
803 4727 1284 4794 auarumconditianaquarclaaludarat.
