3659 5892
660 548 825 615 LIBER
848 546 893 627 ll,
909 548 943 613 8.

312 708 526 793 Responsura
540 714 598 769 tuo
612 724 778 787 nunquam
792 712 843 767 est
857 722 918 787 par
930 700 1018 765 sarna
1030 699 1146 766 labori.

312 811 417 887 Tene,
432 818 470 873 ut
484 828 547 893 ego
561 806 703 891 accipiar
717 804 817 883 laute,
833 804 1016 888 torquerier
1030 804 1118 868 omni

312 911 537 978 Sollicitudine
553 908 758 975 districtioni
781 930 822 973 ne
835 908 932 992 panis
946 906 1096 983 adustus,

312 1013 368 1079 Ne
384 1012 467 1077 male
482 1012 648 1077 conditum
657 1012 714 1096 jus
729 1011 936 1095 apponatur?
958 1020 997 1073 ut
1011 1029 1123 1073 eunies

250 1116 294 1183 70
316 1115 489 1180 Proecincti
503 1124 592 1179 recte
607 1114 702 1199 pueri
715 1112 877 1195 comtique
891 1110 1097 1175 ministrent?

314 1216 415 1282 Adde
428 1217 490 1281 bos
505 1226 666 1302 praeterea
679 1236 786 1292 casus,
802 1212 905 1279 aulea
919 1223 1017 1277 mant
1032 1214 1071 1289 si,

315 1318 364 1384 Ut
378 1319 493 1397 modo;
517 1320 544 1383 si
559 1320 704 1403 patinam
716 1316 803 1402 pede
818 1316 931 1402 lapsus
944 1314 1075 1400 frangat
1090 1334 1200 1400 agaso.

316 1421 384 1487 Sed
399 1423 625 1500 convivatoris,
639 1420 688 1485 uti
703 1418 808 1497 ducis,
824 1418 990 1504 ingenium
1003 1438 1057 1481 res

316 1522 477 1589 Adversas
492 1524 616 1589 nudare
632 1523 748 1600 solent,
764 1521 869 1587 celare
885 1520 1050 1586 secundae.

253 1626 274 1692 7
276 1626 298 1690 5
318 1626 521 1691 Nasidienus
537 1624 579 1689 ad
594 1624 684 1691 haec:
707 1624 787 1689 Tibi
802 1623 860 1701 Di,
876 1621 1080 1709 quaecunque
1095 1621 1251 1707 preceris,

319 1727 498 1794 Commoda
513 1727 610 1805 dent;
634 1728 679 1792 ita
694 1727 863 1793 virbonus
879 1748 914 1790 es
930 1726 1130 1810 convivaque
1144 1727 1261 1790 comis:

318 1830 365 1895 Et
380 1829 485 1895 soleas
500 1831 618 1915 poscit.
663 1828 752 1895 Tum
767 1828 900 1893 inlecto
915 1850 1046 1913 quoque
1061 1828 1189 1893 videres

320 1932 468 1997 Stridore
485 1944 612 1997 secreta
627 1933 748 1997 divisos
763 1952 841 1995 aure
856 1952 1020 1995 susurros.

318 2034 437 2101 Nullos
452 2034 505 2099 his
521 2034 648 2099 mallem
661 2033 758 2100 ludos
775 2042 960 2117 spectasse3
985 2032 1043 2099 sed
1058 2032 1114 2099 illa

255 2139 298 2204 80
319 2137 450 2215 Redde,
467 2158 539 2221 age,
557 2158 631 2222 quae
646 2136 802 2221 deinceps
818 2134 929 2199 risisti.
974 2134 1132 2200 Vibidius
1147 2135 1226 2199 dum

320 2239 450 2314 Quaerit
465 2240 506 2305 de
522 2238 644 2323 pueris,
660 2260 738 2303 num
754 2238 797 2303 sit
811 2259 943 2322 quoque
957 2235 1061 2301 fracta
1074 2236 1202 2321 lagena,

321 2342 420 2417 Quod
438 2342 500 2407 sibi
515 2341 663 2426 poscenti
677 2360 744 2405 non
759 2340 879 2404 dentur
892 2338 1028 2425 pocula3
1053 2338 1195 2425 dumque

321 2446 465 2511 Ridatur
478 2444 565 2510 fictis
580 2466 699 2521 rerum,
717 2442 893 2510 Balatrone
908 2442 1072 2519 seeund03

320 2548 514 2625 Nasidiene,
530 2546 618 2613 redis
633 2556 766 2611 mutatae
782 2544 909 2622 frontis,
926 2556 963 2608 ut
978 2555 1048 2609 arte

259 2650 301 2713 85
323 2650 568 2715 Emendaturus
584 2650 764 2727 fortunam3
788 2646 908 2713 deinde
925 2648 1029 2713 secuti

270 2820 311 2869 60.
328 2821 422 2883 Sapiens
433 2820 603 2871 Nomentanis:
618 2816 734 2886 sapientia
746 2818 797 2867 No·
830 2818 869 2867 vel
893 2816 989 2883 stupido
1011 2816 1078 2883 (nos,
1103 2818 1208 2882 rupa),
1226 2820 1278 2886 jam
1299 2820 1392 2887 positvm

239 2886 345 2935 menteni
359 2886 411 2951 jam
427 2884 505 2951 posita
521 2884 567 2934 luit
582 2884 608 2933 in
626 2882 758 2933 calliditate
775 2892 800 2932 et
832 2880 934 2931 ridetur.

238 2948 398 3007 simulatione,
443 2966 475 2999 ua
501 2949 532 2999 de
561 2948 640 2999 subita
669 2948 799 2997 aulaorum
864 2948 905 2995 74.
930 2946 1037 3004 Nudave,
1058 2947 1178 3012 detegere.
1199 2948 1308 3015 aperire:
1332 2965 1392 3002 aare

240 3012 397 3127 murmurati
450 3013 574 3079 seipsum,
586 3023 613 3062 ut
623 3014 714 3067 baum,
726 3012 797 3078 perti·
832 3010 1392 3091 1666666666.6116616661661666616666

240 3092 319 3137 6666,

272 3142 314 3190 63.
329 3143 417 3207 Mapps
427 3144 578 3207 (Seroiette).
831 3156 905 3199 mum,
918 3140 976 3190 dum
992 3142 1024 3189 ob
1038 3143 1102 3190 huuc
1119 3158 1200 3192 casum
1211 3144 1237 3192 in
1248 3143 1394 3194 tristissimas

272 3206 313 3256 64.
329 3209 472 3270 suspendens
486 3211 561 3257 onnia
575 3224 638 3263 naso,
651 3206 731 3255 omnia
742 3204 797 3254 ridi-
831 3203 997 3255 effundebatur
1006 3206 1125 3255 lacrimas.

240 3270 297 3319 cula
313 3272 410 3323 reddem
427 3272 540 3321 studens:
558 3272 591 3321 61.
602 3288 656 3338 sup.
668 3270 699 3319 ad
718 3272 769 3319 Sat.
781 3270 798 3329 i,
866 3270 907 3321 77.
925 3270 956 3317 Et
966 3272 1035 3319 miras
1047 3274 1128 3333 poscit,
1139 3279 1164 3321 et
1174 3271 1249 3336 surgit
1259 3272 1290 3321 de
1301 3289 1393 3333 measa,

240 3337 265 3391 6,
277 3338 301 3385 5.
832 3350 870 3391 eo,
882 3344 910 3383 ut
925 3333 1027 3392 videtur,
1043 3336 1152 3394 consilio,
1168 3345 1259 3386 uttam
1276 3338 1351 3387 aulas
1368 3340 1393 3388 in

273 3400 313 3449 66.
330 3400 386 3449 Hrc
400 3410 434 3450 set
448 3402 548 3449 conditio
563 3404 662 3458 6166661,
675 3400 728 3448 heac
744 3406 802 3447 sunt
832 3400 912 3448 locum
935 3414 1006 3447 suum
1032 3400 1185 3457 restituenda,
1206 3416 1280 3465 quam
1303 3412 1394 3453 ceteras

241 3464 305 3513 mala
320 3464 409 3531 quibus
425 3465 548 3514 bominum
562 3464 611 3514 vita
625 3474 663 3514 est
676 3463 798 3529 exposita!
833 3464 919 3529 epulas
933 3464 1032 3512 aservis
1041 3480 1071 3512 ex
1083 3465 1165 3513 ordine
1176 3466 1316 3515 adferendos
1326 3482 1394 3525 cura-

241 3528 279 3577 liis
296 3536 353 3578 sunt
368 3529 468 3579 miseria
484 3546 539 3595 qum
554 3538 666 3597 premunt
675 3527 799 3577 homines!
834 3537 884 3589 ret;
901 3529 957 3577 hinc
966 3530 1039 3593 paulo
1050 3538 1103 3593 post
1110 3530 1245 3578 redeuntem
1257 3530 1288 3579 ad
1298 3546 1394 3581 coenam

243 3592 328 3657 quue,
341 3593 452 3659 ideoque.
833 3593 915 3642 berum
925 3593 986 3641 servi
997 3594 1073 3642 secuti
1086 3609 1140 3642 esse
1150 3594 1272 3643 dicuutur.
1306 3597 1395 3645 Soleus:

274 3658 315 3707 66.
332 3658 496 3715 Tuo-labori,
516 3658 573 3715 tuis,
593 3658 732 3714 Nasidiena,
751 3664 802 3705 stu·
834 3657 991 3706 calceamenti
1015 3673 1099 3720 genus,
1122 3674 1171 3723 quo
1191 3660 1280 3724 planta
1302 3668 1394 3709 tantmn

242 3721 297 3779 diis,
315 3722 387 3781 curis,
404 3732 429 3772 et
445 3723 569 3781 molestiis,
585 3724 674 3789 quibus
690 3722 721 3771 66
739 3720 801 3779 aliis,
834 3721 923 3787 pedum
934 3722 1082 3785 tegebantur,
1094 3732 1142 3771 tam
1154 3723 1247 3773 semina
1260 3724 1395 3788 quamriri,

242 3786 277 3835 uti
291 3786 546 3853 jamdenobis,quos
559 3786 802 3855 splendidaconvivio
833 3787 953 3852 praecipua
973 3785 1038 3835 domi
1060 3795 1085 3835 et
1109 3788 1134 3835 iu
1156 3788 1272 3837 conviviis
1293 3799 1395 3853 gestare,

242 3866 300 3901 acce
317 3850 365 3909 isti,
377 3854 438 3901 bene
450 3868 534 3903 meres.
833 3866 923 3900 mense
939 3860 1022 3900 autem
1038 3851 1179 3909 accubituri,
1199 3870 1229 3902 ne
1247 3862 1321 3902 strata
1339 3855 1397 3904 lecti

275 3868 317 3965 bd
337 3917 563 3980 Tene-torquerier,
576 3932 635 3965 num
646 3920 741 3980 requ'um
757 3922 802 3973 eat,
834 3916 1045 3972 commacularent,
1066 3915 1192 3982 deponere,
1213 3927 1238 3967 et
1259 3934 1300 3966 eas
1322 3920 1397 3969 servis

242 3987 312 4029 cett:
326 3980 358 4029 ci.
368 3982 399 4031 de
411 3981 455 4030 bac
465 3982 701 4047 constructioassup.
710 3980 739 4028 ad
752 3982 804 4029 Sat.
834 3980 1397 4034 6661661666666666166616666116161161661.

243 4042 260 4101 1,
272 4046 297 4102 9,
309 4046 350 4094 ⁷2.
835 4043 940 4102 111196.
972 4045 1036 4093 11166
1047 4048 1116 4094 miras
1130 4064 1219 4109 possm
1236 4064 1397 4113 pro,acoena

277 4110 317 4159 ⁷0.
336 4111 475 4159 Pracincti:
496 4126 549 4185 sup.
570 4127 594 4160 v.
620 4111 658 4167 10,
679 4125 737 4172 puer
758 4110 806 4157 alte
836 4109 1034 4171 surgeredictam
1051 4119 1095 4159 est.
1133 4110 1322 4170 vibrantem
1338 4114 1395 4165 lice·

244 4176 352 4223 cinnas:
375 4174 425 4224 vid.
453 4174 583 4239 Boetugeri
610 4174 693 4224 Sabin.
720 4175 751 4223 Τ.
779 4174 804 4229 11,
836 4174 891 4223 bat:
909 4174 942 4222 61.
953 4189 1007 4239 sup.
1019 4174 1050 4223 ad
1065 4176 1115 4223 Sat.
1126 4175 1143 4231 i,
1156 4178 1180 4233 6,
1193 4179 1233 4225 50.

243 4252 267 4303 p.
279 4240 320 4288 25.
871 4238 911 4287 76.
928 4240 1030 4287 Striders
1046 4251 1131 4289 secreta
1147 4242 1229 4289 diuisos
1245 4259 1303 4291 avire
1317 4260 1397 4292 rusur-

279 4304 320 4360 71,
332 4304 373 4352 72.
390 4304 456 4378 Adde
475 4306 517 4379 tor.
529 4313 638 4367 metuas
656 4318 729 4377 esan,
746 4302 807 4377 adde
838 4319 886 4351 roa:
900 4319 986 4377 versus
1003 4304 1166 4353 ornatissimus
1186 4321 1237 4371 pro,
1254 4307 1354 4356 alterum
1373 4311 1398 4357 in

245 4368 519 4497 tallltltttttt}
531 4384 576 4481 {1²⁸
572 4366 806 4488 ttitldtlttj
839 4368 1401 4499 lttttttttttltlttttl{ltt'tt‘tr

246 4496 412 4547 aulaeamant.
444 4496 691 4562 Agasoquijumeuta
706 4504 809 4545 curatet
840 4496 951 4561 quedam
959 4498 1401 4566 secretavelclaudestiuadeponitur3

247 4561 304 4625 agit,
325 4577 379 4619 nos,
395 4563 554 4621 Stultissimum
576 4571 599 4611 et
618 4560 731 4626 quoniam
751 4576 807 4625 aga-
840 4564 933 4609 tusani
950 4570 1030 4610 ratem
1048 4562 1161 4611 dicuutur
1176 4566 1253 4619 diuisi,
1269 4566 1311 4629 qui
1330 4566 1400 4617 modo

246 4639 316 4675 sones
330 4626 385 4675 aliis
396 4627 467 4675 rebus
483 4642 537 4675 cum
553 4625 693 4675 dexteritate
705 4624 808 4690 quadam
842 4624 898 4674 huic
915 4626 986 4674 modo
1000 4626 1041 4675 alii
1056 4628 1118 4683 auri,
1130 4626 1179 4677 sive
1189 4627 1289 4677 diversis
1304 4630 1402 4681 auribus

247 4688 347 4765 agendis
355 4690 436 4739 minus
446 4691 495 4757 apti
503 4706 556 4741 esse
567 4690 652 4747 solent,
661 4708 738 4755 agaso,
749 4706 807 4739 con·
840 4690 1043 4751 committuntur;
1075 4690 1254 4741 similitudina-
1280 4695 1402 4759 quandam

247 4754 303 4803 vicii
320 4755 424 4821 quodam
441 4771 527 4820 genere
543 4754 574 4806 de
590 4754 685 4805 bomine
696 4754 809 4821 plumbeo
841 4754 913 4805 babet
934 4755 1024 4805 locatio
1044 4772 1097 4822 sup.
1121 4756 1203 4816 Odi,
1221 4758 1262 4815 ³6.
1282 4760 1307 4817 6,
1325 4762 1403 4810 osenla

353 3087 444 3128 ortunae
453 3078 617 3129 crudelitatem
628 3078 730 3127 incusat.
830 3076 922 3141 patina,
932 3075 1023 3141 apemit
1033 3078 1159 3127 Nasidieni
1169 3080 1329 3128 convivatoris
1340 3096 1392 3130 aar·
