3659 5892
472 456 539 525 480
854 458 1250 526 EPISTOLARUM

497 612 538 677 15
559 610 625 677 Hoe
638 610 774 677 latebrae
787 610 912 690 dulces,
928 622 962 679 et
971 614 1050 699 jam,
1065 612 1093 675 si
1108 612 1227 691 credis,
1242 634 1389 691 amoenae,

559 713 757 781 incolumem
771 715 831 779 tibi
845 736 896 779 me
910 724 1068 799 proestant
1084 713 1333 799 Septembribus
1347 714 1458 779 horis.

559 815 616 880 Tu
630 827 719 881 recte
733 816 825 895 vivis,
842 816 981 881 sicurae
995 838 1068 881 esse
1083 815 1173 900 quod
1186 816 1299 881 audis:

559 917 728 983 dactamus
738 918 935 1004 jampridem
950 918 1053 983 omnis
1069 928 1101 983 te
1116 916 1225 982 Roma
1238 920 1382 983 beatum.

560 1020 628 1087 Sed
642 1042 768 1099 vereor,
783 1043 825 1086 ne
840 1020 894 1085 cui
907 1020 950 1085 de
965 1030 999 1084 te
1014 1019 1088 1105 plus
1103 1041 1200 1103 quam
1214 1020 1274 1085 tibi
1289 1020 1424 1097 credas;

493 1124 539 1189 20
560 1122 655 1189 Neve
669 1134 767 1209 putes
781 1122 880 1188 alium
894 1122 1041 1207 sapiente
1056 1123 1209 1206 bonoque
1223 1122 1373 1201 beatum,

560 1225 650 1305 Neu,
666 1228 743 1291 site
757 1224 899 1310 populus
914 1246 1029 1289 sanum
1044 1234 1197 1308 recteque
1213 1223 1371 1289 valentem

559 1328 712 1405 Dictitet,
728 1326 888 1393 occultam
903 1325 1026 1392 febrem
1043 1327 1104 1391 sub
1119 1336 1247 1411 tempus
1263 1326 1383 1391 edendi

560 1430 768 1508 Dissimules,
784 1428 890 1495 donec
903 1428 1054 1493 menibus
1070 1438 1190 1492 tremor
1204 1427 1328 1492 incidat
1342 1430 1461 1493 unctis.

560 1532 742 1597 Stultorum
755 1532 904 1596 incurata
918 1528 1027 1615 pudor
1041 1529 1144 1593 malus
1159 1528 1270 1596 ulcera
1284 1529 1379 1595 celat.

498 1634 541 1698 25
563 1633 688 1719 Siquis
703 1634 789 1700 bella
803 1635 864 1700 tibi
877 1643 966 1697 terra
979 1643 1126 1718 pugnata
1139 1633 1286 1716 marique

562 1736 674 1814 Dicat,
688 1736 790 1801 ethis
804 1736 913 1801 verbis
928 1756 1047 1801 vacuas
1061 1735 1263 1819 permulceat
1277 1756 1392 1800 aures:

562 1844 584 1874 “
606 1838 690 1904 Tene
703 1840 810 1927 mogs's
821 1839 943 1903 salom
951 1838 1095 1923 populus
1108 1837 1195 1915 uelit,
1210 1858 1254 1901 aa
1263 1837 1419 1923 populum
1432 1845 1479 1913 tu,

561 1940 675 2006 Seraet
687 1942 720 2005 is
734 1940 896 2027 ambiguo,
911 1940 967 2025 qui
979 1940 1112 2003 comulit
1126 1948 1159 2003 et
1172 1940 1231 2005 lidi
1244 1948 1276 2003 et
1291 1940 1374 2016 urbi,

560 2042 693 2128 Jupiter
702 2042 732 2118 ,·”
755 2040 902 2127 Augusti
914 2041 1031 2107 laudes
1046 2064 1223 2127 agnoscere
1238 2044 1369 2128 possiet

496 2146 541 2210 30
562 2144 675 2219 Quum
688 2144 811 2230 pateris
826 2144 957 2229 sapiens
971 2144 1227 2229 emendatusque
1242 2146 1362 2223 vocari,

562 2245 802 2331 Respondesne
817 2254 886 2324 tuo,
902 2245 957 2310 dic
970 2246 1080 2322 sodes,
1095 2246 1224 2311 nomine
1234 2246 1422 2332 l—Nempe

561 2348 624 2415 Vir
638 2349 746 2414 bonus
760 2357 795 2412 et
808 2346 954 2432 prudens
970 2347 1034 2412 dici
1050 2346 1205 2413 delector.
1252 2348 1328 2433 Ego
1342 2370 1382 2414 ac
1397 2360 1445 2412 tu.

563 2450 632 2525 Qui
647 2449 739 2516 dedit
753 2448 817 2515 hoc
831 2448 943 2527 bodie,
959 2470 1042 2527 cras,
1060 2449 1087 2513 si
1102 2448 1199 2527 volet,
1215 2448 1359 2528 auferet;
1383 2459 1432 2527 ut,
1449 2451 1477 2515 si

475 2654 587 2713 salubris,
605 2663 634 2704 ut
648 2654 716 2721 apud
733 2652 807 2703 Ovid.
821 2651 896 2701 Trist.
912 2650 949 2708 ili,
966 2653 991 2708 8,
1009 2652 1035 2710 9,
1068 2651 1134 2702 baud
1144 2652 1266 2719 vulgarem
1278 2652 1378 2703 Horatio
1395 2670 1451 2704 cum
1464 2654 1583 2713 Quinctio
1597 2654 1637 2704 in·

474 2723 539 2769 citio
554 2722 622 2769 stills
637 2736 707 2785 egro,
722 2725 747 2768 et
763 2718 827 2767 Met.
841 2716 1037 2774 aiii‚6³⁰,oeatt
1067 2718 1204 2767 tarcessiase
1226 2718 1357 2769 amicitiam
1384 2718 1443 2768 satis
1464 2726 1528 2768 carte
1549 2720 1635 2783 colligi

475 2786 556 2834 utiles.
1069 2792 1154 2846 potest.
1187 2784 1249 2841 Quia
1265 2783 1328 2833 enim
1346 2792 1426 2832 sumtu
1440 2782 1496 2839 sibi,
1508 2785 1633 2861 cuiquam,

512 2851 551 2906 lo,
570 2848 612 2897 16.
628 2848 672 2897 lle
694 2847 794 2903 latebre,
814 2844 855 2894 llic
876 2844 989 2909 angulus,
1009 2853 1038 2894 ut
1069 2846 1116 2895 nisi
1137 2846 1221 2896 intimo
1244 2848 1330 2905 arnico.
1353 2846 1435 2897 dicere
1457 2848 1496 2897 vel
1519 2850 1633 2907 scribere,

477 2912 592 2962 Horatius
610 2928 666 2977 sup,
682 2910 722 2960 0d
740 2909 768 2967 ii,
783 2912 808 2967 6,
828 2911 859 2959 16
875 2909 906 2959 de
923 2912 1036 2960 Tarento.
1068 2917 1121 2959 “tu
1140 2926 1187 2961 non
1204 2928 1231 2961 as
1249 2911 1328 2978 isqui
1345 2926 1399 2962 essa
1415 2912 1561 2969 videtisne}
1577 2926 1633 2963 ease

477 2976 614 3033 Bentleius,
625 2976 666 3027 cui
676 2984 726 3025 um
741 2974 812 3023 lectio
827 2977 936 3029 etiamsi
952 2978 1034 3031 credo,
1067 2973 1166 3036 diceris;
1180 2984 1206 3024 tu
1214 2976 1271 3026 vitia
1282 2984 1332 3033 tua,
1341 2978 1405 3025 sicut
1416 2986 1520 3041 aegrotus
1532 2978 1631 3037 febrem,

476 3059 577 3097 amem,
587 3043 787 3106 quametjora,sl
797 3042 880 3094 eredis,
891 3056 982 3088 amana
993 3038 1035 3087 lri·
1066 3038 1232 3090 diasimulas.’'
1272 3040 1308 3089 Ns
1330 3044 1369 3091 cus'
1390 3044 1420 3089 de
1443 3051 1465 3089 te
1487 3042 1549 3104 plus,
1572 3052 1631 3091 cett.

477 3108 559 3170 gebat,
570 3104 702 3171 pmposuit,
712 3114 733 3153 st
752 3106 816 3178 (joas
830 3108 851 3152 sl
864 3104 955 3167 credis)
966 3120 1034 3153 nmoe·
1068 3104 1190 3154 Basterus
1204 3104 1328 3155 commode
1344 3104 1413 3155 affert
1422 3120 1517 3155 versum
1530 3106 1631 3156 Catonis

476 3188 510 3220 ns
518 3188 527 3229 ,·
544 3170 586 3221 aed
597 3185 640 3220 nec
655 3170 701 3219 hoe
715 3168 775 3217 mibi
784 3168 879 3234 placet:
897 3182 929 3214 an
943 3168 1037 3233 scripsit
1068 3166 1085 3224 i,
1099 3169 1137 3225 14,
1152 3170 1211 3218 Plus
1221 3172 1275 3219 ollis
1286 3172 1314 3219 da
1327 3180 1357 3227 te,
1369 3187 1438 3233 picam
1450 3180 1477 3219 tu
1488 3174 1532 3219 tibi
1543 3175 1633 3220 credas

476 3235 575 3285 formasa
595 3234 719 3290 Horatius,
737 3232 781 3281 Ha
799 3235 891 3282 latebre
907 3232 994 3289 deba,
1014 3241 1037 3282 st
1067 3234 1126 3281 noli.
1159 3235 1238 3282 Alium
1255 3236 1366 3297 spicato,
1379 3235 1476 3290 Graece,
1489 3236 1573 3285 ἄλλον
1586 3238 1631 3286 τοῦ

476 3299 802 3359 transmissarum?
834 3297 973 3345 lstoolamam
993 3299 1037 3346 tibi
1069 3298 1152 3360 copti,
1165 3297 1284 3347 diversum
1302 3314 1317 3346 a
1334 3298 1451 3364 sapiente,
1468 3298 1543 3347 alium
1559 3302 1596 3361 (ν.
1607 3316 1630 3349 c.

476 3381 520 3422 ms,
530 3373 588 3415 cett.
599 3378 681 3413 mensa
695 3359 827 3427 Septembri
841 3376 880 3409 me
895 3360 988 3409 salvum
999 3370 1036 3411 at·
1068 3360 1179 3424 divitem)
1191 3378 1265 3427 quam
1281 3362 1428 3429 sapientem
1446 3362 1483 3411 sic
1500 3364 1543 3413 inl.
1555 3365 1631 3431 Epist.

477 3446 527 3495 que
540 3429 687 3479 incolumem
701 3427 745 3475 tibi
760 3426 864 3485 sistuat3
879 3425 904 3474 b.
914 3440 963 3474 Μ
980 3426 1038 3474 villa
1069 3424 1095 3483 ii,
1111 3428 1133 3483 l,
1143 3428 1202 3484 240,
1214 3428 1276 3475 nllus
1287 3427 1397 3493 Lysippo,
1411 3426 1483 3485 alius,
1494 3444 1567 3494 quam
1582 3431 1630 3495 Ly-

476 3508 540 3551 msa,
559 3493 602 3544 ubi
623 3508 687 3542 nunc
706 3491 830 3547 delitesco,
849 3498 900 3538 tam
921 3489 996 3547 dulci,
1016 3490 1038 3539 si
1069 3490 1106 3555 sip
1124 3506 1161 3539 us.
1491 3548 1496 3553 .

477 3559 563 3615 credis,
575 3567 647 3624 atque
664 3572 770 3613 arnoena,
782 3555 865 3603 salsus
881 3564 954 3629 atque
969 3553 1036 3603 inco·
1101 3506 1142 3603 lb.
1156 3554 1363 3605 Mnnltoiunctts:
1379 3555 1542 3620 significanter
1551 3576 1630 3608 mnus

478 3624 550 3673 lumis
560 3638 643 3673 meuse
654 3620 787 3688 Septembri
798 3618 830 3667 ad
840 3628 864 3669 ta
874 3617 965 3667 radrbo.
1066 3618 1118 3682 jam
1129 3618 1240 3667 dicuntur
1251 3630 1339 3679 uactae3
1357 3634 1422 3678 nam,
1432 3621 1475 3686 qui
1487 3621 1549 3672 inter
1559 3623 1629 3672 eden·

512 3690 552 3738 ll.
567 3690 593 3737 Si
610 3704 679 3736 curas
693 3702 738 3735 asse
754 3687 814 3749 quod
830 3686 907 3741 audis,
920 3682 941 3731 si
956 3682 1037 3733 studes
1068 3683 1125 3732 dum
1138 3692 1250 3741 tremunt,
1262 3684 1323 3734 cibis
1338 3692 1438 3733 uemore
1449 3688 1568 3745 excussis,
1580 3702 1629 3736 ma·

475 3760 501 3803 te
515 3754 589 3802 talem
605 3753 708 3819 prebere
724 3749 804 3815 qualis
820 3757 848 3797 tu
864 3764 918 3798 esse
934 3750 1035 3813 (sudu)
1069 3762 1116 3796 uus
1136 3749 1311 3799 commaculare
1335 3748 1431 3797 solent:
1461 3762 1546 3800 undas
1574 3752 1630 3811 sm,

476 3817 572 3868 diceris.
1069 3812 1183 3877 pollutas,
1205 3812 1388 3871 contaminatas,
1406 3813 1456 3863 vid.
1475 3827 1529 3881 sup.
1597 3818 1629 3865 E·

513 3885 552 3932 la.
569 3882 649 3930 Omnis
661 3880 742 3936 Romu
751 3894 796 3928 nos
806 3891 889 3926 omnes
897 3876 1013 3927 nomast
1068 3876 1123 3941 pod.
1134 3880 1159 3933 6,
1175 3879 1213 3926 19.

511 3947 617 3997 lit-2³.
633 3946 676 3994 Sed
693 3961 780 4000 wem,
794 3960 833 3999 aa,
853 3950 909 3991 cett.
932 3940 975 3991 sed
994 3956 1035 3991 ve·
1100 3944 1141 3990 24.
1160 3942 1241 3990 Pudor
1257 3942 1340 3999 molus,
1356 3941 1517 4009 importunus,
1529 3952 1557 3993 ut
1573 3962 1628 4011 sup.

476 4026 537 4069 raor,
548 4026 580 4060 ue
598 4007 698 4059 aliorum
708 4008 740 4058 de
753 4016 777 4057 te
787 4006 841 4073 plus
851 4020 925 4069 quam
942 4015 984 4054 tuo
998 4004 1035 4072 ip·
1068 4006 1119 4054 Sat.
1132 4005 1158 4063 ii,
1172 4006 1196 4061 ³,
1208 4006 1250 4055 39.

476 4076 528 4126 sius
543 4073 637 4142 judicio
654 4072 737 4123 credas
754 4072 827 4137 (quia
843 4071 916 4135 probe
937 4069 993 4126 acis,
1012 4079 1036 4121 te
1100 4072 1207 4120 26-28.
1225 4070 1306 4129 Dicat,
1318 4081 1402 4121 canat:
1419 4080 1630 4137 wmos,petentes

477 4156 527 4189 non
544 4156 598 4191 asae
615 4154 670 4188 eum
688 4138 731 4203 qui
751 4152 804 4186 essa
821 4134 937 4197 diceria);
954 4150 1036 4184 vereor
1068 4135 1177 4194 canenti;
1193 4134 1327 4197 elegantius
1338 4135 1489 4202 provulgari,
1501 4145 1565 4185 tuas.
1589 4138 1630 4186 Ad

477 4222 555 4273 porro,
572 4200 705 4260 ne'alium,
720 4216 793 4267 quam
811 4216 866 4249 eum
882 4200 926 4264 qui
942 4198 1037 4311 sapiens
1068 4199 1140 4247 verba
1175 4216 1213 4249 uas
1231 4208 1373 4263 sequuntur,
1392 4200 1453 4248 Tene
1473 4204 1556 4313 sarpis,
1573 4210 1630 4249 cett.

476 4268 637 4327 ctbonusait,
649 4269 746 4317 beatum
758 4266 861 4324 babeas,
877 4279 958 4313 rerem
985 4279 1036 4313 eur·
1070 4264 1127 4313 Vet.
1140 4264 1171 4313 Sc
1190 4263 1222 4313 ol.
1234 4264 1351 4321 obser-rat,
1364 4265 1418 4312 Her
1432 4268 1494 4313 eslim
1527 4268 1630 4315 anaide

476 4351 534 4401 que,
554 4350 593 4391 ne,
611 4334 669 4383 licet
688 4346 772 4383 omnes
793 4342 818 4380 te
837 4344 923 4378 sanum
942 4342 995 4378 esse
1013 4338 1039 4377 et
1068 4328 1174 4393 Augusto
1188 4330 1311 4390 scripserat
1317 4345 1326 4386 ,-
1342 4339 1397 4377 suat
1410 4338 1488 4377 autem
1499 4346 1525 4378 aa
1537 4332 1629 4379 nobilis·

476 4401 537 4451 bane
547 4400 626 4449 valere
637 4397 755 4452 dictitent,
767 4410 850 4460 reapse
867 4402 947 4443 tumen
963 4408 1037 4456 agro·
1068 4394 1396 4457 simPonegyriccAugustt.
1422 4392 1538 4442 Horatius
1548 4394 1627 4457 igitur,

476 4472 522 4524 tas,
533 4465 574 4515 aed
591 4464 677 4513 similis
692 4463 727 4510 sis
743 4460 767 4510 ei
783 4468 872 4534 egroto
888 4457 931 4533 (pri
948 4456 1037 4506 labrem
1068 4456 1111 4569 pul
1123 4456 1208 4522 quavis
1218 4464 1311 4531 prrepta
1321 4457 1449 4531 occasiope
1461 4458 1567 4522 Augusti
1578 4458 1628 4506 lau·

476 4530 523 4580 sub
533 4528 619 4580 mendi
635 4536 685 4578 tem
702 4524 843 4583 us,nac1bi
858 4522 905 4572 sibr
915 4522 1036 4585 denegen-
1085 4536 1111 4569 ea
1127 4521 1274 4570 carminibus
1290 4536 1341 4570 suis
1356 4530 1446 4579 susem,
1458 4538 1524 4571 nunc
1535 4521 1566 4572 de
1581 4537 1628 4571 uua

476 4603 526 4653 tur,
543 4594 660 4649 occultat,
679 4544 755 4641 donec
776 4588 856 4645 lebria,
873 4604 929 4637 curn
951 4601 1037 4636 manus
1069 4584 1627 4651 tidelia,quodiuproverbiodicitur,duoatle·

476 4669 577 4711 uenere
586 4654 842 4724 incipiuntprodatur.
867 4653 905 4703 Ex
916 4650 963 4700 boc
975 4649 1036 4708 loco,
1069 4650 1135 4701 albat
1144 4649 1259 4716 parietes;
1276 4650 1406 4699 namVarii
1417 4650 1499 4707 simul,
1511 4660 1539 4701 ut
1549 4650 1628 4717 magni
