3659 5892
482 534 552 599 492
862 533 1256 601 EPISTOLARUM

503 684 548 749 80
569 684 618 749 Ut
631 688 762 772 penitus
775 698 899 763 notum,
915 689 943 751 si
958 698 1085 753 tentent
1098 690 1242 767 cfimma,
1258 710 1378 766 serves,

568 787 768 875 Tuterisque
782 803 841 855 tuo
854 790 1010 855 fidentem
1024 790 1198 875 praesidio:
1221 792 1279 875 qui

569 890 682 957 Dente
694 892 870 959 Theonino
884 914 985 977 quum
999 893 1259 970 circmnroditur‚
1274 892 1394 977 ecquid

567 989 625 1056 Ad
640 1004 672 1058 te
687 1006 763 1080 post
776 994 876 1080 psulo
889 1004 1026 1059 ventura
1039 994 1184 1080 pericula
1198 996 1322 1060 sentis?

568 1093 658 1159 Nam
671 1106 729 1159 tue
742 1119 796 1160 res
810 1097 929 1181 agitur,
942 1098 1050 1181 paries
1064 1118 1165 1181 quum
1179 1098 1347 1181 proximus
1362 1099 1457 1165 ardet
1472 1124 1482 1176 3

502 1198 547 1261 85
569 1196 616 1259 Et
630 1195 779 1281 neglecta
792 1197 898 1262 solent
912 1198 1064 1263 incendia
1078 1220 1205 1263 sumere
1219 1198 1315 1264 vires.

568 1298 687 1365 Dulcis
701 1301 881 1385 inexpertis
894 1298 1023 1365 cultura
1035 1302 1180 1384 potentis
1194 1300 1306 1365 amici:

568 1401 739 1485 Expertus
752 1401 878 1465 metuit.
922 1400 989 1479 Tu,
1005 1401 1083 1466 dum
1097 1412 1155 1465 tua
1168 1403 1259 1465 naus
1273 1402 1309 1468 in
1322 1403 1389 1469 alto
1402 1416 1465 1483 est,

569 1502 646 1568 Hoc
660 1524 733 1588 age,
748 1525 791 1567 ne
804 1514 929 1567 mutate
941 1514 1119 1569 retrorsum
1131 1512 1164 1567 te
1179 1502 1263 1568 lerat
1277 1527 1367 1569 aura.

569 1603 724 1669 Oderunt
736 1603 872 1669 hilarem
885 1606 1008 1682 tristes,
1024 1606 1213 1689 tristemque
1224 1606 1348 1691 jocosi;

503 1706 548 1771 90
569 1704 727 1771 Sedatum
740 1705 875 1784 celeres,
890 1706 1007 1791 egilem
1021 1728 1226 1791 gnavumque
1240 1709 1383 1773 remissi:

570 1807 709 1872 Potores
723 1806 828 1871 bibuli
841 1808 950 1872 media
962 1807 1005 1873 de
1020 1818 1115 1873 nocte
1130 1807 1261 1874 Falerni

569 1909 723 1975 Oderunt
737 1920 888 1995 porrecta
902 1920 1075 1995 negantem
1088 1909 1224 1995 pocula3
1247 1913 1393 1994 quamvis

568 2010 759 2077 Nocturnus
769 2013 862 2096 jures
877 2022 910 2076 te
925 2010 1099 2075 formidare
1114 2033 1262 2096 vapores.

571 2112 676 2177 Deme
691 2113 865 2199 supercilio
878 2114 1016 2177 nubem:
1039 2112 1229 2198 plerumque
1244 2114 1411 2179 modestus

504 2216 549 2278 95
570 2214 722 2300 Occupat
737 2217 869 2281 obscuri
884 2216 1037 2300 speciem,
1052 2215 1232 2279 taciturnus
1247 2215 1368 2280 acerbi.

569 2316 660 2380 Inter
674 2328 793 2383 cuncte
805 2318 895 2403 leges
910 2328 944 2382 et
958 2317 1192 2401 percontabere
1208 2317 1323 2383 doctos
1336 2344 1344 2397 ;

571 2417 649 2491 Qua
662 2421 788 2485 ratione
803 2442 904 2504 queas
920 2418 1091 2483 traducere
1104 2416 1222 2484 leniter
1235 2440 1358 2484 sevum:

569 2519 624 2584 Ne
639 2532 672 2585 te
687 2544 815 2607 semper
827 2524 923 2607 inops
937 2522 1039 2605 agitet
1053 2530 1214 2604 vexetque
1229 2520 1362 2605 cupido,

570 2621 625 2686 Ne
641 2644 753 2706 pavor,
769 2635 804 2689 et
817 2646 926 2689 rerum
941 2622 1147 2687 mediocriter
1160 2622 1288 2687 utilium
1302 2644 1399 2707 spes:

484 2791 528 2856 qui
538 2790 652 2846 tradatur,
663 2792 857 2851 commendatum
872 2792 966 2856 quoties
976 2790 1042 2841 enim
1072 2790 1151 2841 fam
1161 2801 1205 2840 sut
1214 2790 1319 2841 inlausta
1328 2792 1490 2857 instigatione,
1497 2792 1528 2841 ad
1540 2793 1636 2843 felicem

483 2859 570 2919 dignius
585 2856 694 2905 absolute
704 2856 808 2921 ponitur,
820 2857 890 2906 toties
905 2855 997 2921 aliquid
1012 2872 1042 2905 ex
1073 2864 1115 2903 sut
1125 2855 1247 2905 infelicem
1256 2856 1311 2905 vita
1327 2872 1426 2905 rursm
1443 2857 1560 2907 namma
1576 2854 1636 2906 nibil

484 2919 598 2969 orationis
607 2920 729 2969 vicinitate
742 2936 789 2986 sup
804 2921 904 2971 laudum
913 2930 960 2971 ast.
993 2922 1041 2969 De·
1074 2919 1232 2984 frequentius.

484 2995 572 3046 septus,
583 3000 619 3033 sc.
629 2986 701 3050 culpa
712 3001 761 3049 qua
778 2986 820 3034 'le
835 2986 958 3052 premitur.
993 2984 1042 3033 Ts-
1106 2986 1213 3033 stt-95.
1233 2985 1338 3033 Oderunt
1358 2987 1455 3033 sitm
1475 2988 1561 3043 tristes,
1582 3000 1635 3059 sqq.

483 3052 528 3104 eri,
539 3064 650 3097 seeum.
1076 3048 1200 3114 Expressit
1213 3048 1325 3097 Horatius
1335 3049 1488 3105 mutantium,
1499 3049 1589 3100 diversi
1600 3065 1636 3097 m·

518 3114 625 3161 80-85.
651 3113 684 3161 Ut
701 3115 794 3175 penitus
809 3122 897 3162 notum
924 3113 981 3169 Pro,
1001 3112 1043 3169 Ut,
1076 3113 1141 3176 genii
1160 3112 1268 3162 homines
1286 3128 1334 3161 uon
1351 3114 1414 3162 inter
1430 3128 1456 3163 sa
1473 3114 1636 3172 conveniunt;

485 3176 636 3225 malimcum
648 3176 822 3233 Bentleio,At.
855 3177 923 3232 Noli,
936 3176 1044 3233 sit,eurn
1076 3176 1107 3226 ad
1122 3176 1246 3241 ingenium
1262 3176 1334 3241 igtur
1343 3177 1437 3242 patroni
1447 3178 1483 3225 tui
1499 3186 1523 3227 te
1541 3194 1636 3227 accom-

486 3239 556 3296 tueri,
567 3240 610 3306 qui
628 3256 682 3291 vere
699 3241 795 3307 culpam
812 3240 858 3290 sibi
873 3240 1000 3297 contraxit,
1019 3250 1045 3289 et
1076 3242 1172 3291 modare
1181 3250 1206 3291 et
1216 3242 1242 3290 in
1252 3242 1306 3306 ejus
1319 3240 1406 3305 agendi
1418 3241 1588 3308 sentiendique
1598 3256 1635 3290 rs-

485 3320 542 3355 etun
559 3306 603 3370 qui
620 3304 665 3354 tibi
680 3307 776 3371 penitus
792 3314 865 3355 notus
881 3316 907 3356 et
922 3314 1044 3381 spectatus
1075 3306 1164 3355 donam
1176 3306 1252 3355 amics
1262 3306 1396 3370 conspirare
1406 3305 1488 3355 debas.

485 3380 531 3427 est,
548 3369 570 3418 si
590 3378 695 3419 tentetur
710 3371 749 3419 vel
764 3378 858 3435 petatur
872 3370 1044 3420 criminationi·
1108 3372 1150 3421 90.
1167 3372 1284 3426 δαὶαηιι,
1312 3368 1418 3419 uietioris
1434 3370 1634 3419 etlentioiisani·

486 3434 836 3509 bus,fidentemtuoprasidio
851 3450 929 3485 serves
944 3442 969 3484 et
982 3443 1045 3484 tute-
1077 3434 1110 3483 mi
1127 3435 1256 3485 bominem.
1322 3436 1386 3493 hm,
1402 3434 1527 3483 viridioris
1543 3443 1569 3484 et
1585 3434 1635 3483 sla·

486 3499 534 3557 τὴ,
557 3514 612 3547 nam
630 3500 650 3548 si
668 3498 709 3549 ille
726 3516 824 3566 impune
840 3500 960 3549 mordetur
974 3498 1047 3548 dente
1077 3499 1159 3549 crioris
1185 3499 1276 3563 ingenii
1302 3498 1419 3549 homines.
1459 3499 1567 3555 Remini,
1595 3498 1637 3563 qni

486 3563 611 3620 maledico,
634 3580 714 3613 noune
736 3563 780 3611 tibi
798 3564 927 3613 vereudum
948 3572 993 3619 est,
1014 3578 1046 3613 ne
1076 3564 1137 3613 vires
1155 3579 1204 3613 non
1222 3563 1360 3620 intendunt,
1376 3562 1443 3612 ueni
1459 3564 1540 3613 laxato
1557 3572 1583 3613 et
1599 3578 1635 3612 rs·

486 3627 550 3678 idem
561 3628 633 3695 paulo
644 3638 698 3692 post
706 3627 750 3675 tibi
760 3627 871 3675 accidatl
1076 3628 1149 3677 misso
1161 3636 1218 3676 sunt
1228 3629 1326 3677 similes.

520 3694 561 3741 82.
580 3692 653 3740 Dente
666 3692 788 3740 Theonino.
822 3691 905 3748 Theon,
919 3701 946 3740 ut
955 3706 986 3740 ex
999 3691 1044 3739 boc
1108 3694 1215 3741 91-93.
1232 3693 1324 3740 Potorss
1338 3691 1551 3747 bibuli—Fnlsrni,
1567 3693 1635 3741 biba·

487 3756 541 3805 loco
550 3764 655 3821 apparet,
663 3756 734 3804 bomo
743 3754 788 3803 luit
796 3755 1044 3813 maledicentissimus,
1076 3770 1117 3805 ces
1128 3756 1178 3804 vini
1190 3754 1292 3813 Falerni,
1304 3755 1359 3805 vino
1371 3754 1473 3804 Falerno
1490 3754 1522 3804 sd
1533 3757 1634 3806 mediam

486 3820 537 3870 sive
552 3820 596 3869 ista
610 3818 681 3868 inerit
691 3819 825 3875 libertinas,
838 3829 866 3867 ut
880 3820 952 3869 tradit
962 3819 1044 3869 Schol.
1076 3834 1152 3894 usque
1164 3828 1256 3869 noctem
1267 3834 1319 3869 sese
1329 3820 1518 3884 ingurgitantes:
1535 3820 1570 3869 sic
1582 3836 1636 3887 sup.

488 3883 713 3948 Cruq.‚sive,quod
723 3884 800 3932 multo
811 3884 1045 3950 probabilius,igno·
1077 3884 1156 3949 Epist.
1174 3885 1192 3941 i,
1212 3886 1250 3942 14,
1267 3886 1309 3942 ai,
1331 3886 1403 3939 Queri
1425 3885 1529 3932 unius
1552 3886 1636 3949 liqiidi

487 3947 544 3997 bilis
554 3946 654 4013 qnidam
664 3957 743 4013 poeta.
1076 3950 1151 3998 madio
1162 3952 1190 3998 ds
1209 3950 1259 3998 lues
1276 3950 1372 3998 Falerni
1385 3950 1454 3997 eene
1471 3950 1546 3997 bruris
1554 3952 1636 4010 juset.

520 4014 561 4061 to.
572 4012 656 4059 Dulcis
666 4014 788 4074 inerpertis
795 4014 890 4061 culture
901 4015 982 4060 amici:
994 4022 1044 4061 stu·
1078 4014 1185 4063 Oderunt
1194 4023 1299 4076 porrecte
1309 4023 1429 4078 negantem
1438 4014 1531 4075 poculo,
1543 4022 1601 4062 cett.
1613 4022 1636 4061 ts

486 4076 563 4132 diurn,
578 4075 643 4141 quod
659 4076 685 4125 in
703 4076 804 4126 colando
820 4076 952 4142 potentiore
968 4077 1046 4125 amico
1077 4092 1125 4126 non
1143 4077 1203 4127 terre
1221 4086 1329 4143 possunt,
1347 4077 1367 4125 si
1385 4077 1468 4125 oblata
1484 4075 1529 4125 tibi
1549 4078 1637 4141 pocula

519 4141 593 4195 nitur,
602 4142 670 4189 dulor
677 4139 772 4191 videtur
779 4142 809 4188 iis
822 4140 864 4205 qui
875 4140 981 4189 nondum
992 4141 1046 4205 ejus
1077 4141 1232 4199 recusaveris,
1243 4140 1351 4205 quamvis
1367 4140 1409 4189 tibi
1426 4156 1441 4189 a
1457 4144 1581 4189 nocturnis
1594 4156 1635 4191 vt·

497 4213 596 4257 ecerunt
606 4204 737 4269 periculum
748 4222 756 4266 ς
769 4204 820 4253 atii
829 4204 872 4270 qui
884 4203 944 4253 illud
953 4204 1046 4269 experi-
1078 4206 1175 4271 poribus
1186 4205 1320 4255 cavendum
1329 4220 1381 4254 esse
1390 4206 1465 4270 jures.
1484 4206 1531 4254 Per
1542 4216 1636 4254 noctur·

487 4270 552 4321 snm
561 4278 732 4333 cognoverunt,
743 4283 792 4317 non
802 4270 855 4317 sine
865 4269 950 4318 timore
965 4276 990 4318 et
1001 4268 1047 4317 cir·
1079 4287 1118 4318 run
1132 4286 1222 4332 oopmes
1233 4270 1340 4333 intellige
1351 4278 1445 4325 catum,
1475 4284 1506 4317 uo
1518 4268 1544 4317 in
1553 4283 1637 4318 somno

487 4334 666 4400 conspectione
677 4332 699 4382 ei
710 4349 806 4398 operam
816 4332 884 4382 dant.
1079 4334 1207 4408 agitantur,
1217 4334 1260 4397 qui
1276 4348 1329 4383 scra
1343 4342 1412 4383 nocte
1427 4284 1556 4397 salargius
1566 4333 1636 4383 servi·

521 4402 562 4457 87,
575 4400 616 4447 ts.
633 4398 679 4453 Tu,
697 4401 753 4446 dnm
770 4408 812 4445 tae
828 4400 902 4455 neon,
916 4404 974 4447 cett.
992 4412 1047 4446 cum
1079 4398 1144 4448 diora
1159 4398 1215 4446 vino
1231 4398 1377 4447 invitarunt:
1395 4413 1449 4464 sup.
1468 4397 1547 4463 Epod.
1559 4398 1584 4454 ³,
1597 4400 1636 4455 1⁵,

487 4464 514 4513 in
524 4464 592 4514 cultu
601 4461 740 4528 potentioris
746 4477 857 4575 prospero
865 4477 978 4511 successu
989 4477 1049 4510 usus
1081 4462 1131 4511 Nec
1145 4473 1225 4511 tentus
1241 4480 1343 4525 tunquam
1357 4464 1459 4511 sidensis
1473 4464 1557 4511 insedit
1569 4480 1638 4525 sopor

487 4546 524 4586 es,
535 4528 561 4578 id
572 4542 626 4591 aga,
636 4535 661 4577 et
670 4526 716 4575 boc
727 4527 745 4574 ti
763 4526 818 4600 isit
826 4542 899 4601 cura,
911 4542 943 4575 ne
952 4524 983 4575 de
995 4526 1049 4577 loco
1081 4526 1181 4591 (astus)
1192 4528 1318 4575 siticulose
1328 4528 1428 4604 ripalta.

489 4590 1054 4709 {surrentinorum
1080 4590 1638 4729 ..itinerumque

488 4725 545 4790 gine
562 4728 660 4771 avento
677 4718 783 4771 mundo
799 4727 842 4769 aut
858 4719 966 4776 adverso,
978 4719 1048 4769 vela
1079 4720 1147 4786 pior
1167 4717 1263 4785 sitos),
1283 4719 1309 4769 b.
1328 4736 1351 4770 a.
1371 4719 1510 4780 nntium
1539 4719 1638 4771 frontem
