3659 5892
665 1143 1351 1239 SATIRARUM

851 1464 962 1514 LIBER
979 1463 1175 1515 SECUNDUS.

897 2002 1076 2070 SATIRA
1099 2003 1127 2069 1.

527 2177 649 2279 Suur,
666 2202 786 2287 quibus
801 2201 835 2264 in
850 2199 959 2265 Sotira
970 2198 1086 2263 videor
1098 2196 1193 2262 nimis
1208 2216 1295 2273 scer,
1309 2205 1345 2260 ct
1357 2196 1444 2261 ultro

525 2304 650 2393 Legem
664 2304 800 2370 tendere
815 2326 921 2389 opus:
945 2302 1015 2365 sine
1029 2300 1138 2365 nervis
1153 2297 1266 2376 alteru,
1282 2298 1445 2384 quidquid

527 2407 718 2493 Composui,
733 2428 810 2491 psrs
824 2428 897 2471 esse
910 2412 1025 2489 putst3
1049 2401 1234 2486 similesque
1246 2422 1392 2466 meorum

527 2508 620 2575 Mille
637 2510 690 2575 die
705 2530 820 2573 versus
835 2506 957 2573 deduci
970 2527 1080 2590 posse.
1126 2502 1277 2580 Trebati,

474 2611 495 2673 5
528 2611 620 2685 Quid
635 2611 762 2688 faciam,
779 2610 967 2695 praescribe.
1013 2606 1186 2681 Quiescas.
1231 2604 1287 2670 Ne
1301 2604 1429 2684 faciam,
1445 2607 1565 2693 inquis,

529 2712 672 2778 Omnino
687 2714 823 2777 versus?
868 2710 946 2776 Aio.
993 2710 1131 2775 Pereom
1144 2707 1240 2786 male,
1255 2708 1365 2772 sinon

636 2898 767 2949 SATIRA
785 2898 807 2947 1.
1033 2895 1065 2944 sd
1073 2894 1125 2945 Pis.
1134 2896 1192 2945 320.
1204 2894 1309 2945 Deduci:
1320 2896 1354 2946 ci.
1363 2912 1391 2945 sn
1411 2897 1458 2946 .sd
1466 2898 1517 2947 Sst.
1527 2898 1545 2955 i,
1557 2900 1597 2958 10,

476 2962 591 3014 Horatius
602 2964 632 3014 de
642 2963 729 3021 satiris,
739 2979 800 3029 quos
810 2962 944 3029 scripserat,
952 2962 1002 3010 lts-
1034 2962 1076 3009 44.
1112 2961 1222 3010 Trebati.-
1240 2962 1369 3016 Trebatius,
1383 2914 1463 3011 clarus
1474 2962 1598 3028 juriscon-

444 3028 523 3079 civius
545 3030 577 3077 ab
599 3028 740 3078 adversariis
761 3028 860 3094 petitus,
879 3043 935 3077 cum
952 3026 1005 3092 jem
1036 3025 1123 3082 sultus,
1135 3041 1151 3073 s
1162 3024 1278 3075 Cicerone
1290 3026 1374 3091 (cujus
1390 3026 1421 3075 sd
1436 3041 1491 3075 eum
1503 3028 1549 3076 scri
1566 3038 1600 3079 to

444 3094 509 3143 bunc
525 3094 658 3142 secundum
676 3092 801 3142 satirarum
819 3092 906 3140 librum
923 3091 949 3139 in
966 3089 1005 3139 lu·
1036 3089 1145 3164 epistole
1156 3098 1252 3140 exstant
1268 3090 1295 3139 in
1313 3090 1391 3157 Epist.
1405 3091 1436 3139 sd
1454 3091 1541 3141 thil.
1550 3045 1599 3142 lib.

445 3174 497 3207 cem
518 3158 648 3207 emissurus
667 3166 738 3214 esset,
758 3156 905 3211 Trebatium,
929 3156 1005 3205 virum
1037 3154 1078 3211 vri,
1089 3154 1145 3203 inde
1163 3155 1194 3202 ab
1209 3155 1408 3220 sponsusque
1423 3156 1454 3204 sd
1471 3158 1529 3219 23),
1541 3158 1598 3207 Ωιι·

444 3222 603 3272 venerabilem
620 3232 644 3271 et
655 3221 863 3288 jurisconsultum,
882 3221 913 3271 do
928 3220 1007 3269 totins
1038 3219 1094 3275 stri,
1113 3218 1249 3268 Galliarum
1263 3219 1408 3285 proconsuli,
1419 3220 1601 3273 commendetur

445 3417 488 3466 cit.
531 3416 582 3465 Res
604 3415 665 3466 redit
688 3432 735 3465 eo:
766 3368 881 3464 lelstim
907 3422 958 3463 tom
980 3413 1006 3462 in
1037 3387 1396 3474 pntdmtimsmerscnemiloen.
1414 3416 1509 3463 Accedit
1519 3388 1600 3474 aba:

446 3480 528 3540 laude,
541 3497 614 3547 quam
626 3482 709 3531 Caessr
723 3480 793 3529 bonis
807 3478 954 3529 carminibus
965 3479 1007 3527 tri·
1039 3481 1099 3541 qood
1102 3477 1226 3542 furnilium
1242 3480 1308 3528 ducit
1326 3481 1422 3542 injure
1431 3482 1505 3537 cicili,
1516 3483 1600 3544 rings-

446 3548 514 3603 buat,
533 3562 607 3611 quom
626 3546 652 3594 in
669 3545 821 3609 cogitatione,
841 3544 950 3593 homines
969 3559 1007 3593 re-
1041 3543 1099 3589 lorir
1119 3545 1237 3598 memorio,
1256 3559 1344 3591 ιιιιιιιιια
1363 3546 1470 3593 scientio.
1509 3544 1602 3609 Nequeo

464 3610 603 3661 rehensione
623 3610 709 3675 dignos
728 3618 792 3659 recto
813 3607 955 3675 reprebendi
977 3608 1007 3657 sb
1040 3609 1155 3655 dormire.-
1172 3614 1220 3657 tem
1252 3607 1285 3655 ris
1296 3607 1369 3671 igitur
1382 3608 1443 3673 (boc
1461 3609 1527 3657 enirn
1542 3626 1601 3683 sop-

447 3629 544 3725 lomine
553 3675 653 3739 integro,
666 3672 807 3739 acquiescit.
1039 3670 1169 3784 piequum)
1196 3672 1208 3718 l
1230 3672 1297 3720 leudi
1322 3687 1397 3721 cause
1422 3688 1504 3722 versus
1530 3674 1602 3751 lucrot

1575 3755 1602 3788 ur

483 3742 554 3789 1-7.
578 3742 647 3795 Sunt,
668 3742 751 3803 quibus
769 3742 862 3787 uideor:
881 3737 907 3785 in
923 3736 1008 3803 prucis
1103 3745 1169 3793 sunt,
1185 3734 1212 3783 in
1229 3737 1316 3800 quibus
1330 3746 1368 3785 est
1384 3736 1546 3795 Heindorfius,

448 3805 515 3854 librr.
532 3814 590 3855 vett.
608 3806 698 3860 videor,
716 3802 812 3869 plurimi
830 3802 925 3851 codices
937 3802 1009 3876 'apud
1039 3802 1140 3849 dormire
1155 3815 1205 3866 pro,
1217 3816 1320 3860 cessare,
1331 3801 1431 3851 inertem
1447 3818 1510 3860 esse,
1523 3756 1601 3869 expli.

449 3871 523 3919 Feam
540 3876 635 3918 urentur
654 3871 747 3924 videon
771 3866 1010 3941 exempla,qbrpost
1040 3874 1105 3921 cent,
1126 3872 1152 3913 ct
1171 3865 1320 3922 Trebatium,
1341 3865 1388 3915 boc
1407 3868 1491 3931 jocosa
1511 3868 1602 3933 dilogin

447 3944 511 3992 sunt,
524 3938 564 3998 qui
575 3932 673 4047 antique
685 3940 709 3983 et
719 3933 805 3981 Graece
812 3932 908 3997 ponitur
915 3930 1008 3980 mdica-
1039 3927 1175 3995 deceptum,
1187 3929 1219 3978 sd
1230 3932 1258 3980 rb
1268 3933 1377 3988 domire,
1386 3932 1536 3997 tanquamin
1545 3948 1602 4044 qro-

449 3999 520 4054 tivus,
537 3997 606 4047 dabit
650 3996 750 4045 eindorl.
767 4012 822 4062 sup.
834 3997 865 4044 sd
882 3998 933 4045 Set.
950 3996 967 4051 i,
983 3999 1009 4054 t,
1041 3993 1094 4058 pris
1120 3992 1293 4057 significatione
1318 3996 1432 4070 positum,
1460 4012 1546 4063 respon
1562 4013 1603 4048 ere

450 4066 491 4112 24.
525 4064 593 4119 Acer,
605 4062 690 4110 similis
705 4062 753 4111 lere
769 4060 1010 4126 sericiniquiom·
1041 4057 1179 4122 opinentur.
1211 4057 1276 4107 Mihi
1292 4060 1391 4125 quidem
1404 4061 1523 4125 ejusmodi
1530 4062 1603 4126 jocus

450 4126 739 4176 nsssllstratmordetve.
777 4126 847 4174 Ultro
864 4126 947 4189 Legem
959 4134 1009 4172 ten-
1042 4121 1374 4187 indignusvideturlloratio.
1395 4126 1604 4190 Uncti:sup.0d.

450 4196 503 4240 ders
513 4208 577 4254 opus,
590 4191 654 4240 ultra
665 4190 762 4239 modum
778 4188 905 4238 extendere
916 4189 1009 4245 satim,
1041 4186 1077 4242 iii,
1091 4189 1130 4243 12,
1142 4189 1167 4243 6,
1179 4188 1276 4249 Liparei
1288 4191 1350 4236 nitor
1359 4190 1432 4237 Hebri
1440 4190 1515 4237 Simul
1523 4200 1604 4239 unctos

451 4257 489 4305 vel
507 4256 603 4331 modum
621 4254 796 4329 inlscribent'luis
819 4254 897 4303 satim
916 4254 1010 4303 sivein
1043 4251 1157 4327 Tibepinis
1173 4254 1277 4302 bomem
1293 4255 1350 4301 lacit
1368 4257 1395 4301 in
1412 4257 1491 4329 onqis.
1524 4254 1603 4319 Gym-

450 4321 576 4443 still
593 4318 1009 4451 ltflltlissttbtsslsitz
1042 4318 1604 4456 txlsststttlzlff‘rlblffllut':

450 4454 550 4508 tendere,
569 4450 660 4499 ,totius
676 4448 759 4499 Achil.
772 4449 788 4505 i,
800 4450 857 4503 543,
871 4449 946 4497 Tende
956 4450 1009 4495 ιιιιὶ-
1038 4445 1170 4509 juvenibus
1188 4446 1241 4494 oleo
1260 4446 1340 4495 unctis
1356 4447 1551 4506 instituebantur,
1571 4448 1604 4499 etl

451 4534 513 4563 mum
530 4518 632 4580 vigilem,
644 4515 822 4581 jbcondumqus
840 4515 904 4577 srigs
921 4522 1008 4573 pulsu,
1040 4526 1121 4561 eorum
1137 4526 1237 4577 corpore
1253 4511 1382 4561 recreanda
1401 4513 1523 4563 cautione
1540 4514 1605 4563 finiri

451 4581 490 4629 vel
507 4596 557 4645 pro,
570 4582 696 4635 estendere,
713 4587 742 4627 ut
754 4577 798 4626 int.
811 4578 888 4642 Epist.
899 4578 916 4633 i,
928 4580 954 4632 5,
969 4578 1008 4625 11.
1040 4575 1159 4624 solebant.
1192 4574 1241 4625 Sstl
1262 4576 1359 4625 fortasse
1378 4577 1454 4643 ipsius
1475 4578 1605 4629 notationis

451 4648 506 4695 Sine
518 4649 600 4701 ιιινιιὶι,
613 4644 665 4693 sine
679 4642 703 4691 vi
717 4652 742 4691 st
757 4642 880 4706 gravitate,
892 4645 941 4691 sins
950 4658 1008 4703 pon·
1042 4654 1115 4689 cause
1126 4641 1168 4699 (ut
1182 4640 1209 4689 in
1229 4640 1284 4689 aliis
1298 4640 1430 4697 laboribus,
1459 4642 1530 4691 uibus
1540 4643 1604 4695 viros

451 4714 504 4759 ders
515 4720 536 4758 et
548 4720 607 4767 orte,
616 4718 642 4758 ut
653 4707 758 4773 loquitur
767 4708 864 4763 Noster,
875 4706 919 4755 inl.
931 4705 1009 4772 Epist.
1041 4712 1065 4753 et
1077 4704 1141 4755 nervi
1150 4705 1252 4755 maxims
1263 4659 1471 4773 intendebanturl,
1479 4707 1533 4758 olco
1543 4708 1604 4773 ungi
