3659 5892
605 525 769 593 LIBER
793 527 838 605 11,
867 530 914 593 19.

398 678 484 745 Aula
494 680 630 745 divitem
642 692 752 747 monet

439 782 578 848 Herum.
624 782 716 857 Quid
731 782 818 849 ultre
832 785 963 852 tendis?
1007 784 1121 869 AEqua
1135 784 1231 849 tellus

397 884 539 970 Pauperi
550 884 733 951 recluditur

440 986 636 1071 Regumque
649 987 779 1071 pueris:
802 1009 863 1053 nec
880 988 1010 1053 satelles
1025 988 1106 1054 Orci

332 1088 378 1152 35
399 1086 561 1153 Callidum
575 1088 772 1154 Promethea

440 1190 584 1257 Revexit
598 1214 679 1257 auro
694 1203 820 1277 captus.
867 1192 935 1258 Hic
949 1194 1127 1279 superbum

397 1292 583 1373 Tantalum,
600 1304 698 1379 utque
712 1293 845 1359 Tantali

438 1396 556 1461 Genus
571 1409 717 1475 coercet;
739 1396 793 1463 hic
806 1397 914 1463 levore
930 1398 1077 1465 iunctum

398 1499 581 1585 Pauperem
595 1500 763 1565 laboribus

308 1600 353 1665 40
438 1602 587 1668 Vocatus
601 1614 700 1687 etque
714 1624 780 1667 non
796 1614 931 1669 vocatus
945 1604 1049 1669 sudit.

596 1943 803 2011 CARMEN
829 1945 928 2011 XIX.

568 2159 622 2209 IN
667 2158 946 2207 BACCHUM.

399 2318 568 2384 Baccuou
584 2321 617 2384 in
631 2320 762 2385 remotis
777 2320 920 2383 carnnna
933 2319 1071 2404 rupibus

399 2422 480 2488 Vidi
495 2425 676 2501 docentem,
693 2420 828 2504 (credite
842 2422 998 2507 posteri!)

440 2525 680 2611 Nymphasque
695 2524 870 2601 discentes,
885 2535 920 2590 ct
933 2548 1029 2590 aures

487 2628 710 2713 Capripedum
725 2624 914 2710 Satyrorum
930 2638 1054 2693 acutus.

185 2792 269 2858 lunge,
287 2794 367 2843 Nullo
386 2803 462 2841 tomen
479 2796 536 2843 aulo
553 2806 629 2844 mones
648 2798 742 2844 &adem
774 2792 949 2861 sipotoptms.
977 2796 1072 2845 murts
1085 2812 1144 2843 curo
1153 2805 1249 2856 coptus:
1266 2793 1337 2841 tabu·

184 2858 257 2906 Mun
272 2862 359 2908 certior
376 2862 466 2921 rapacis
483 2858 539 2907 Orci
550 2862 603 2923 fise
618 2862 741 2917 destinoto,
774 2859 823 2909 lam
835 2860 866 2909 ds
877 2860 923 2909 boc
934 2859 1029 2917 callido,
1041 2875 1090 2925 quo
1100 2857 1258 2909 Prometheus
1269 2856 1335 2907 cha·

184 2920 207 2969 b.
219 2938 241 2971 e.
252 2924 360 2973 looorum
376 2922 504 2973 interorum
514 2922 639 2975 caunas
653 2923 743 2998 cuique
774 2933 876 2981 rontem,
887 2932 913 2974 ut
930 2940 956 2975 se
971 2924 1101 2979 reveheret,
1112 2938 1170 2973 sum
1187 2937 1336 2986 corrumpere

184 2986 283 3047 inibus;
304 3004 348 3063 pro
365 2987 468 3051 vulgari,
486 3004 548 3037 mors
562 2997 643 3038 tamen
658 2989 744 3037 diutes
775 2989 884 3045 maurit,
906 2989 1017 3047 oonsilio,
1039 2987 1103 3038 baud
1125 2988 1200 3037 dubie
1225 2986 1337 3035 tractavit

183 3050 238 3100 istos
248 3054 385 3118 etinynstos
396 3052 503 3101 homines
514 3060 595 3103 menet
604 3052 743 3103 certissime.
775 3062 846 3119 posta
858 3055 1049 3119 Grecus,que1n
1061 3052 1175 3101 Horatius
1184 3061 1281 3101 secutus
1290 3059 1336 3099 est.

185 3116 234 3179 Pro¹
243 3120 296 3181 fine
315 3126 368 3167 tres
387 3116 466 3167 Codd.
486 3118 621 3183 Cruquiani
638 3125 664 3167 et
681 3134 744 3167 unus
775 3120 912 3181 Superbum
923 3118 1031 3167 divitem.
1065 3114 1336 3183 Tostotigsuns,Pelo·

183 3181 244 3244 apud
255 3182 339 3231 Bentl.
352 3180 547 3231 Zulicbemisnus
563 3182 673 3240 oderunt,
684 3184 744 3233 sede.
806 3198 840 3241 m,
857 3182 967 3239 Atreum,
984 3183 1199 3247 Agsmemnonem,
1216 3183 1335 3234 Orestem.

185 3245 228 3293 Sed
242 3246 293 3296 baec
309 3246 385 3297 lectio
401 3245 486 3295 habuit
499 3246 597 3297 tortum
613 3256 743 3303 auctorem,
803 3249 925 3305 icleoors,
942 3256 1014 3297 cett:
1032 3247 1119 3313 junge,
1135 3248 1173 3295 ta
1192 3256 1284 3295 vocotus
1303 3246 1335 3291 le·

184 3310 222 3373 qni
232 3310 526 3375 trustredegrummstica
539 3319 602 3361 esset
615 3310 742 3361 sollicitus.
774 3328 837 3367 vars,
855 3312 880 3360 h.
897 3328 923 3362 e.
939 3321 968 3362 ut
984 3313 1055 3363 levet·
1092 3311 1186 3361 Vocatus
1203 3320 1272 3374 omae
1290 3328 1337 3357 sou

185 3374 246 3440 Nam
256 3378 316 3440 fisis
326 3375 395 3425 band
410 3390 464 3423 raro
478 3376 542 3441 apud
556 3375 657 3451 optimos
671 3392 743 3441 quos-
774 3388 875 3433 uorotas,
885 3378 1016 3438 κᾶιλητος,
1028 3374 1127 3437 deberi.

184 3455 229 3552 pue
239 3440 368 3506 scriptores
376 3440 404 3489 in
414 3455 499 3503 genere
507 3439 632 3491 ioemrnino
640 3440 744 3507 ponitur.

198 3504 292 3553 'eternus
319 3506 346 3553 in
378 3504 479 3554 eandem
504 3506 645 3555 seutentiam
669 3512 746 3554 exstat
938 3505 1091 3555 CARMEN
1107 3506 1183 3554 xlx.

185 3568 303 3618 Ammiani
314 3572 367 3635 Ep.
375 3570 424 3627 xis,
433 3568 536 3619 Anthol.
546 3570 627 3619 Grec.
634 3571 666 3619 Τ.
675 3570 711 3625 iii,
721 3586 746 3643 p.
812 3568 903 3619 Bocchi
913 3568 999 3620 landes
1008 3570 1113 3619 carmine
1126 3567 1264 3619 sublimiore
1274 3566 1337 3615 cele·

184 3634 223 3689 95,
235 3633 276 3683 ubi
292 3650 383 3683 svaros
399 3632 507 3700 quidam,
518 3634 650 3684 vicinorum
665 3643 745 3683 termt·
778 3634 896 3691 bratums,
911 3634 980 3699 fingit
994 3651 1044 3684 rem
1060 3634 1091 3684 sd
1107 3634 1214 3683 altiorem
1230 3630 1338 3698 spiritum

184 3713 226 3745 nos
243 3714 337 3749 movere
363 3714 443 3755 ausus,
463 3698 494 3747 de
512 3698 593 3747 lutura
610 3698 663 3764 ejus
682 3697 747 3764 opud
778 3698 859 3747 animo
872 3699 1056 3765 concipiendum
1069 3698 1226 3765 aptissimam.
1259 3696 1337 3761 Inip-

184 3763 268 3811 interos
288 3764 432 3845 paupertate
454 3761 608 3813 admonetur:
626 3764 684 3814 Κᾶν
704 3762 746 3827 pi·
777 3779 832 3811 sum
854 3763 979 3813 Bacchum
1001 3774 1071 3830 poets
1094 3761 1199 3821 incidit;
1225 3760 1292 3811 sidet
1315 3771 1340 3809 et

245 3822 399 3895 'Hpnsltsobg
408 3830 509 3890 στηλῶν
519 3828 593 3893 ἔλθῃς
606 3828 747 3894 παρορὶζων
778 3827 845 3877 audit
862 3844 919 3877 eum
937 3829 964 3877 in
984 3846 1044 3895 supe
1065 3836 1155 3878 semote
1173 3826 1294 3893 Nymphis
1314 3836 1339 3875 et

184 3846 332 3957 dlicuom
350 3892 469 3943 fiontius
484 3892 553 3951 dtxis,
565 3896 678 3956 prosimos
693 3896 747 3955 agri
778 3892 869 3968 Satyris
883 3894 990 3943 carmina
1003 3895 1190 3960 precinentem
1206 3900 1287 3957 stupet
1302 3901 1338 3940 at·

185 3956 748 4023 teminosrruellens),1'iycpipoedsdpdsosc
779 3964 877 4013 tonstus,
894 3958 968 4007 sentit
984 3957 1024 4007 dei
1042 3957 1201 4024 presentiam,
1217 3957 1271 4021 ejus
1293 3972 1338 4004 nu·

187 4024 262 4071 πᾶσιν
278 4022 335 4073 ioov
351 4040 378 4073 σε
396 4021 471 4087 μένει.
505 4022 615 4085 llopoois,
631 4022 666 4071 sic
684 4022 748 4089 apud
779 4022 843 4071 mina
857 4021 978 4087 impletur,
988 4023 1055 4078 furit,
1066 4031 1091 4072 et
1103 4022 1180 4087 ipsius
1193 4022 1242 4079 dei,
1253 4021 1296 4135 (psi
1314 4022 1339 4069 in

187 4086 281 4135 Callim.
292 4089 340 4153 Ep.
350 4087 378 4143 ii,
390 4088 415 4143 6,
428 4085 511 4148 Ἀΐδης
520 4086 661 4153 ἁρπαετὴρ.
779 4086 833 4151 ejus
843 4099 926 4151 pectus
936 4086 1099 4142 descenderet,
1106 4095 1134 4135 ut
1144 4087 1180 4135 ias
1188 4094 1247 4142 eret,
1266 4086 1340 4135 andes

217 4152 321 4201 32-40.
341 4154 408 4206 Quid
418 4154 484 4201 ultro
495 4154 585 4201 tendis?
616 4153 666 4202 Cur
681 4166 746 4217 spem
779 4150 852 4200 canit.
886 4152 961 4201 Csnit
974 4151 1047 4216 igitur
1057 4152 1160 4217 primum
1173 4158 1222 4199 tem
1236 4166 1338 4205 summa,

187 4230 269 4263 vanum
281 4217 346 4265 ultro
355 4216 413 4265 vite
421 4216 548 4266 terminum
559 4218 689 4281 proroget?
705 4232 749 4265 cur
779 4216 868 4280 quibus
878 4214 921 4265 ille
930 4216 983 4283 pios
993 4231 1112 4265 sacromm
1126 4232 1222 4265 snorum
1236 4214 1340 4263 cultores

188 4280 254 4328 rebus
275 4278 386 4329 intentus
406 4296 442 4337 es,
461 4280 549 4345 quibus
570 4280 613 4329 tibi
635 4280 748 4329 morituro
779 4289 877 4337 mactet,
899 4280 1023 4339 beneficia,
1044 4296 1118 4345 quam
1139 4296 1223 4344 graues
1245 4296 1340 4345 poenos,

188 4343 232 4392 imi
246 4360 295 4394 non
311 4345 388 4394 licetl
422 4346 499 4408 AEquo
513 4348 581 4395 tellus
593 4346 696 4408 Pauperi
710 4362 746 4394 re·
779 4344 868 4409 quibus
888 4344 954 4395 idem
976 4360 1096 4394 sacrorum
1116 4361 1213 4393 suorum
1233 4356 1340 4395 contem·

187 4411 289 4457 eluditur
301 4410 438 4474 Regumqne
453 4414 546 4472 pueris:
564 4410 633 4458 aliter
647 4409 748 4459 eandem
780 4418 850 4466 tores,
863 4417 890 4457 ut
898 4411 1032 4459 Pentheum
1043 4418 1067 4459 et
1079 4412 1225 4474 Lycurgum,
1237 4410 1341 4466 afficiat;

189 4474 327 4521 seutentiam
339 4490 369 4523 ex
388 4474 458 4523 ressit
468 4490 522 4539 sup,
532 4475 549 4529 i,
560 4476 584 4531 l,
595 4476 636 4521 13.
663 4474 748 4521 ilecto·
780 4472 866 4523 deinde
882 4475 1020 4531 maximam,
1034 4491 1082 4539 qua
1095 4474 1226 4523 saevissima
1241 4490 1342 4536 quaeque

189 4540 261 4592 ditur,
274 4492 472 4603 compellendis.
501 4540 597 4588 Satelles
609 4541 673 4594 Orci,
683 4539 748 4587 Cha·
781 4538 1020 4603 domet,potentism;
1036 4548 1087 4587 tum
1098 4538 1341 4601 insignemsirtutem,

190 4603 239 4657 ron',
258 4602 299 4665 qui
321 4603 432 4651 similiter
451 4603 565 4653 Leonidae
585 4604 642 4651 'l‘ss.
661 4602 704 4659 lix,
729 4606 750 4661 l,
783 4618 832 4667 quo
843 4604 898 4653 lovi
911 4604 936 4652 in
949 4603 1047 4669 ancipiti
1056 4612 1140 4653 contro
1150 4604 1267 4664 Gigantes
1277 4619 1341 4666 proe-

191 4665 289 4714 Authot.
298 4666 441 4723 Grec.T.i,
450 4670 536 4733 p.169‚
546 4666 629 4718 'aldea
638 4670 752 4731 λυπηρὸς
784 4668 816 4717 lio
831 4668 951 4726 adiuerit;
966 4669 1071 4732 deniqne
1084 4668 1192 4716 divinum
1207 4682 1223 4714 a
1238 4667 1343 4716 Cerbero

191 4727 298 4790 isisoroe
325 4732 422 4781 dicitur.
470 4734 597 4789 Callidum,
625 4735 750 4789 ποικίλον,
784 4733 842 4783 adeo
858 4733 879 4783 ei
897 4732 961 4799 apud
976 4734 1065 4782 inferos
1080 4732 1209 4797 prestitum
1221 4732 1344 4782 bonorem.

753 4801 787 4847 12
