3659 5892
492 536 557 599 534
868 534 1255 599 EPISTOLARUM

577 687 725 763 Viribus,
740 688 883 771 ingenio,
899 689 1019 772 specie,
1036 688 1166 763 virtute,
1181 686 1265 763 loco,
1281 710 1328 763 re,

577 788 728 851 Extremi
743 789 931 872 primorum,
947 790 1101 853 extremis
1116 810 1222 871 usque
1236 789 1374 871 priores.

490 891 557 953 205
578 889 657 955 Non
671 912 708 953 es
722 911 860 953 avarus:
883 890 949 954 abi.
995 889 1112 963 Quid!
1135 898 1245 953 cetera
1255 890 1324 973 jam
1341 889 1437 953 simul
1450 890 1527 954 isto·

577 990 662 1054 Cum
676 992 755 1055 vitio
769 990 907 1075 fugere?
930 1001 1020 1055 caret
1035 992 1095 1055 tibi
1110 1002 1225 1075 pectus
1241 991 1329 1054 inani

577 1092 791 1157 Ambitione?
812 1103 904 1156 caret
918 1092 1032 1157 mortis
1046 1092 1219 1157 formidine
1233 1104 1267 1155 et
1280 1092 1352 1155 iras

579 1194 722 1271 Somnia,
739 1206 880 1259 terrores
895 1196 1050 1278 magicos,
1066 1192 1233 1269 miracula,
1249 1215 1356 1277 sagas,

577 1295 769 1360 Nocturnus
783 1296 923 1359 lemures
938 1306 1155 1379 portentaque
1171 1293 1333 1358 Thessala
1346 1296 1458 1359 rides?

491 1399 556 1460 210
577 1396 716 1461 Natales
730 1410 824 1482 grate
838 1399 1011 1461 numeras?
1033 1396 1176 1480 ignoscis
1190 1396 1321 1460 amicis?

579 1498 702 1563 Lenior
715 1510 750 1563 et
762 1498 876 1564 melior
889 1498 931 1562 fis
945 1497 1122 1562 accedente
1137 1501 1289 1562 senecta?

579 1601 671 1673 Quid
686 1614 719 1665 te
733 1612 863 1665 exemta
871 1602 967 1685 juvat
981 1599 1083 1683 spinis
1098 1599 1140 1663 de
1155 1597 1304 1683 pluribus
1318 1603 1407 1663 una?

578 1702 700 1766 Vivere
714 1704 744 1765 si
756 1712 846 1767 recte
860 1701 979 1777 nescis,
992 1700 1116 1764 decede
1132 1702 1256 1784 peritis.

580 1802 705 1866 Lusisti
720 1803 811 1881 satis,
825 1803 924 1867 edisti
940 1803 1031 1877 satis,
1046 1812 1145 1885 atque
1159 1802 1288 1865 bibisti:

493 1905 558 1967 215
578 1903 727 1988 Tempus
742 1907 833 1969 abire
847 1906 908 1969 tibi
922 1915 990 1981 est3
1014 1913 1183 1987 nepotum
1197 1903 1319 1987 largius
1334 1926 1430 1986 aequo

579 2004 703 2069 Rideat
716 2016 751 2070 et
764 2006 874 2091 pulset
892 2006 1013 2070 lasciva
1027 2004 1196 2067 decentius
1211 2014 1301 2069 oetas.

492 2198 583 2262 pprtate
599 2190 683 2255 premi,
700 2191 791 2248 ssd,nt
804 2192 903 2257 pulchra
916 2192 1002 2239 asos
1014 2189 1052 2237 di·
1084 2188 1195 2253 quadam
1218 2204 1313 2253 genera,
1332 2190 1432 2245 Sensim
1451 2200 1510 2239 cett.
1528 2194 1646 2247 ιιὶωιιΙι,

491 2262 533 2310 ert,
547 2258 673 2315 mmmm
688 2266 809 2312 ratramus,
826 2267 848 2305 et
866 2260 933 2319 prior
949 2257 1053 2303 utmtt‘s
1084 2262 1201 2319 pomata,
1211 2262 1313 2302 ostenta

492 2334 537 2365 este
548 2321 629 2366 coluit.
1117 2319 1175 2365 200.
1187 2318 1316 2366 Nostana
1331 2318 1440 2365 mam:
1459 2320 1536 2367 ovid.
1549 2320 1613 2367 tart.
1624 2335 1644 2375 r,

525 2383 584 2429 200.
601 2382 776 2439 Faromehsr.
1087 2382 1144 2437 400,
1167 2385 1258 2429 eniam
1278 2384 1356 2429 dixere
1373 2384 1492 2431 sumu.
1538 2383 1646 2446 Intellige

524 2448 582 2493 201.
600 2446 862 2496 Tumidtsoetir:ieli1
879 2454 918 2495 est
935 2445 1055 2509 navigatio
1086 2454 1179 2519 spectra
1196 2454 1222 2494 at
1238 2445 1287 2494 alia
1304 2461 1360 2509 quas
1380 2446 1435 2509 quis
1453 2462 1481 2496 se
1498 2448 1526 2496 in
1548 2448 1646 2496 tenebris

493 2525 549 2557 cum
572 2510 650 2557 ventis
669 2512 782 2560 secundis
802 2510 979 2577 adspirantibus
1001 2509 1056 2558 reia
1087 2508 1166 2558 videre
1187 2508 1313 2574 opinatum
1339 2524 1441 2572 qnonnu
1468 2511 1645 2561 avertendum

493 2580 601 2624 tument:
618 2590 674 2623 cum
692 2575 738 2624 bae
756 2584 811 2641 apte
829 2585 979 2639 comparatur
998 2572 1055 2623 felix
1086 2588 1160 2621 causa
1171 2574 1189 2621 'a
1208 2574 1325 2622 Romanis
1340 2572 1450 2621 instituta
1460 2587 1521 2625 aaut
1532 2576 1644 2631 [ανῆ.

492 2637 548 2685 vitae
564 2652 650 2686 cursus
667 2654 748 2687 eornm
771 2640 869 2704 quibus,
889 2639 955 2686 omni
977 2652 1054 2687 rerum
1087 2652 1128 2701 per
1143 2646 1190 2686 tres
1199 2636 1253 2687 diss
1262 2637 1383 2687 celebrata
1392 2656 1398 2685 :
1419 2638 1470 2686 vid.
1483 2638 1559 2689 Ovid.
1570 2639 1588 2686 l.
1599 2638 1615 2687 1.
1631 2653 1645 2685 a

492 2702 562 2766 copia
572 2702 761 2760 abundantibus,
772 2704 854 2753 omnia
871 2718 937 2751 nunc
953 2719 984 2751 sr
1001 2710 1055 2751 voto
1087 2718 1109 2749 v.
1116 2703 1173 2750 421.
1191 2702 1345 2765 Portentoque
1357 2702 1476 2750 struto:
1488 2704 1514 2753 in
1526 2702 1645 2751 Thantia

492 2766 595 2815 sedunt:
613 2766 654 2814 ssd
671 2766 869 2831 quemadmodum
888 2766 1055 2830 navigantibus
1087 2764 1130 2813 tuit
1141 2766 1212 2829 quasi
1221 2766 1316 2814 officina
1327 2768 1643 2821 vensnonsmstberbamn.

493 2831 558 2879 venti
579 2829 687 2887 secundi,
704 2830 739 2879 ita
759 2831 875 2881 divitibus
896 2831 1001 2879 timenda
1020 2838 1058 2880 est
1088 2828 1176 2893 quibus
1185 2830 1316 2878 utebantur
1326 2830 1644 2881 veneficiadludendosbc-

494 2892 595 2943 fortunae
605 2894 718 2943 secunda
733 2896 853 2953 mutatio;
870 2894 1055 2961 bincsup.0d.
1088 2893 1164 2941 mines
1174 2910 1202 2940 su
1234 2893 1357 2942 ratitiosos.

493 2956 519 3011 ii,
535 2960 573 3015 10,
584 2961 626 3016 22,
641 2962 756 3020 sapienter
773 2962 833 3007 idem
851 2960 975 3007 Cannaba
991 2970 1057 3007 uento
1120 2958 1177 3005 210.
1233 2968 1279 3013 ate,
1296 2956 1355 3006 dum
1371 2967 1438 3021 grato
1457 2960 1540 3008 animo
1557 2958 1583 3007 in
1599 2974 1643 3007 tne-

493 3024 591 3069 m'miunt
600 3026 697 3070 seeundo
709 3024 815 3085 Turgtdo
827 3026 886 3071 reto.
1088 3022 1186 3069 moriam
1202 3036 1300 3069 revocas
1314 3037 1370 3086 quas
1384 3020 1500 3071 divinitus
1510 3024 1559 3072 tibi
1574 3022 1644 3072 conti·

525 3088 583 3134 202.
609 3087 661 3133 Non
683 3096 758 3133 tamen
774 3090 883 3143 adorno,
905 3100 954 3134 non
976 3093 1057 3135 tamen
1088 3094 1291 3149 geruntmnuera.

494 3149 564 3198 rebus
575 3149 679 3199 adversis
692 3151 731 3199 vel
741 3150 841 3199 tortura
857 3150 983 3214 iniquitate
1002 3166 1056 3216 pre·
1120 3150 1178 3197 212.
1194 3150 1307 3211 Spinisds
1316 3152 1432 3211 pluribus.
1448 3150 1524 3212 Spin
1534 3150 1644 3199 tramitte

495 3215 589 3262 mimur.
615 3215 716 3262 AEtatem
732 3217 823 3271 duem,
841 3230 892 3280 pro,
909 3228 995 3277 agere3
1021 3216 1056 3263 sic
1089 3212 1119 3261 de
1136 3212 1208 3269 vitiis.
1226 3229 1281 3277 quse
1298 3214 1405 3261 animum
1423 3214 1530 3263 lacer-m
1546 3224 1572 3264 et
1587 3230 1644 3280 pun·

493 3278 562 3341 Virg.
577 3280 635 3326 AEn.
646 3278 673 3335 ii,
687 3279 746 3336 641,
763 3279 803 3326 Me
817 3284 837 3326 ri
853 3280 957 3327 octimbr
972 3281 1055 3327 votuis-
1089 3286 1157 3340 gunt.

493 3352 542 3389 sent
551 3344 634 3391 ducere
644 3348 723 3390 ritum.
1120 3344 1177 3389 213.
1195 3342 1284 3389 Decede
1296 3345 1386 3403 peritis,
1397 3342 1428 3391 de
1439 3343 1479 3391 via
1487 3342 1578 3392 excede
1587 3342 1643 3407 ptri·

526 3406 584 3454 20³.
607 3408 693 3468 Specie,
712 3415 809 3455 externo
828 3422 906 3455 rerum
929 3406 954 3453 in
974 3405 1057 3454 oculos
1087 3404 1197 3461 tioribus,
1217 3405 1275 3453 b.e.
1293 3406 1372 3452 lorum
1390 3406 1544 3471 relinquetis
1566 3408 1609 3472 qui
1624 3416 1645 3455 te

494 3470 632 3518 cadentium
643 3470 735 3519 babitu.
768 3472 836 3525 Ioco,
853 3470 979 3533 dignitate.
1011 3471 1055 3527 ne,
1088 3468 1350 3533 rectiusetsapieutius
1360 3469 1453 3519 vivant

494 3550 529 3582 sc.
542 3533 660 3583 familiari.
1121 3534 1178 3581 214.
1197 3534 1294 3590 Ludere,
1312 3536 1386 3588 edm,
1402 3536 1486 3589 bibere,
1500 3534 1644 3599 conjunctim

527 3600 585 3645 204.
618 3599 721 3647 Extremi
745 3602 882 3660 primorum,
912 3598 1054 3646 translatum
1087 3596 1117 3645 ds
1135 3597 1165 3645 iis
1186 3596 1229 3661 qui
1243 3596 1347 3662 corporis
1361 3598 1496 3663 voluptates
1511 3608 1644 3648 sectantur:

494 3679 509 3709 a
531 3662 596 3709 ludis
619 3660 755 3727 gymnicis:
778 3662 810 3711 ci.
831 3678 886 3727 sup.
910 3664 961 3709 Sat.
989 3661 1006 3717 i,
1032 3664 1054 3718 1,
1088 3664 1175 3717 ludera,
1192 3661 1263 3723 genio
1278 3676 1323 3710 suo
1339 3660 1464 3725 indulgere
1482 3663 1507 3710 in
1523 3662 1645 3775 ‹puibmris

498 3727 552 3773 116.
1088 3740 1166 3773 rerum
1185 3724 1333 3774 dudierarum
1354 3726 1490 3788 generibus,
1513 3743 1527 3775 a
1567 3726 1643 3793 pomin

526 3792 665 3839 205-207.
682 3791 735 3838 Non
751 3806 773 3837 es
786 3805 885 3838 ovano:
901 3792 948 3837 abt.
978 3790 1004 3838 si
1023 3790 1057 3839 ita
1088 3790 1168 3837 reterri
1180 3788 1272 3853 nequit,
1284 3804 1339 3837 nam
1355 3804 1433 3837 sermo
1447 3797 1484 3839 est
1500 3791 1531 3839 de
1545 3790 1644 3839 homini·

495 3854 546 3917 agis
557 3864 581 3903 et
592 3856 675 3911 sentis,
686 3854 752 3903 baud
768 3870 866 3903 avarum
878 3853 1058 3927 tejudico,sed
1088 3853 1133 3901 bus
1147 3852 1260 3917 qpimts
1274 3855 1349 3901 rivers
1358 3858 1472 3904 missit.
1505 3856 1645 3920 Antiquion

495 3928 527 3975 te,
540 3926 567 3967 ut
575 3919 710 3967 absolutum
721 3918 795 3981 hujus
806 3918 868 3972 vitii,
878 3919 943 3965 abne
954 3926 978 3966 et
989 3934 1057 3983 porro
1087 3917 1198 3983 exempla
1216 3917 1246 3965 ds
1266 3918 1310 3966 bac
1332 3932 1444 3982 expressa
1462 3920 1582 3969 autentis
1600 3916 1644 3966 rid.

495 3998 531 4032 ret
547 3993 602 4031 tuas
618 3983 652 4031 ita
668 3998 738 4047 agere
746 3982 829 4046 jubeo.
863 3982 911 4030 isto
922 3983 981 4029 Cum
992 3984 1056 4039 citio,
1089 3982 1154 4046 apud
1167 3982 1320 4029 Lambiuum.

495 4064 530 4096 sc.
548 4047 669 4095 avaritia:
680 4050 788 4112 sugent
804 4056 923 4111 spectore
934 4054 975 4093 tuo
986 4046 1056 4110 pulsa
1127 4047 1184 4101 215,
1206 4046 1264 4093 216.
1297 4045 1392 4106 Tempus
1421 4048 1486 4095 abira
1516 4048 1643 4109 (umas

495 4114 603 4160 cesset&¹
638 4112 707 4159 Curet
727 4114 770 4158 tibi
790 4120 868 4171 pectus
889 4112 956 4157 iuoni
975 4111 1055 4158 Ambi·
1088 4111 1255 4171 ν.213),1ἰὺι“,
1273 4118 1301 4158 ut
1317 4110 1424 4159 couvivae
1444 4110 1519 4159 setun
1536 4112 1644 4181 (timp-

494 4178 569 4223 tr'ons?
587 4177 675 4230 Nemo,
687 4183 754 4240 puto,
763 4174 803 4222 cui
812 4175 874 4222 inest
884 4173 978 4221 animus
989 4190 1054 4222 erec·
1088 4176 1138 4221 Sat.
1149 4174 1166 4229 i,
1176 4176 1199 4229 1,
1209 4174 1278 4236 119),
1286 4188 1325 4228 ue,
1333 4174 1353 4220 si
1364 4174 1435 4223 nimis
1445 4174 1542 4238 largiter
1553 4184 1576 4224 te
1587 4176 1644 4223 inu·

494 4240 547 4297 tior,
560 4240 638 4289 locum
658 4248 797 4304 sequentem
808 4237 886 4301 legere
896 4246 983 4303 potest,
995 4239 1054 4302 quin
1088 4237 1173 4286 tnvoris
1185 4246 1251 4303 potu,
1264 4238 1343 4311 puerit
1356 4238 1483 4287 tsebrium
1495 4239 1644 4287 ettamulett·

496 4306 623 4353 Horatium
647 4312 675 4351 ut
701 4302 902 4368 sapientissimum
930 4302 1054 4357 virtutum,
1087 4310 1137 4349 tum
1154 4303 1301 4367 petulantius
1318 4302 1475 4351 uocantibus
1488 4303 1522 4351 sis
1535 4301 1644 4351 ludibrio.

495 4385 549 4433 quar
561 4369 585 4416 in
598 4382 689 4416 morunt
699 4368 806 4415 doctrina
817 4374 954 4421 tractantur,
965 4366 1053 4428 magis·
1090 4368 1168 4421 Putas.
1182 4364 1268 4421 active,
1280 4365 1322 4431 qui
1338 4366 1437 4431 putarit,
1450 4374 1476 4414 ut
1491 4384 1546 4433 sup.
1558 4370 1609 4415 Sat.
1619 4365 1642 4419 ii.

493 4444 556 4482 trum
568 4442 593 4482 et
603 4432 731 4480 admiretur
741 4439 766 4479 et
776 4430 913 4479 veneretur!
1088 4431 1112 4485 3,
1124 4432 1182 4487 255,
1192 4440 1260 4491 potus
1271 4441 1297 4478 ut
1309 4432 1350 4479 itte
1362 4430 1468 4479 Dicitur.
1502 4432 1596 4481 iareim
1606 4433 1643 4479 de·

526 4499 584 4553 200,
602 4498 660 4545 209.
685 4496 785 4553 Somnia
804 4502 862 4543 cett.
882 4510 925 4560 pro
942 4494 1055 4567 supersti-
1087 4497 1176 4541 centius
1200 4504 1263 4549 etos.
1285 4494 1360 4559 pueri,
1382 4510 1451 4558 quos,
1475 4496 1552 4561 magis
1573 4509 1642 4559 quam

494 4562 558 4611 tione
569 4562 593 4609 in
604 4560 741 4609 universum
758 4558 866 4607 nominat
881 4557 1055 4623 superstitionis
1088 4574 1166 4615 senes,
1177 4558 1245 4607 decet
1257 4558 1363 4607 lascivia.
