3659 5892
596 537 760 602 LIBER
783 537 846 615 ΙΙΙ,
869 540 924 603 23.

369 729 372 734 -
440 690 475 754 Si
491 699 563 756 ture
578 691 717 777 placaris
732 704 766 758 et
780 693 884 758 horna

479 792 590 880 Fruge
606 794 721 874 Lares,
738 796 898 880 avidaque
913 818 1030 881 porca:

344 894 365 957 5
397 894 470 961 Nec
484 896 691 981 pestilentem
706 899 824 962 sentiet
838 895 988 964 Africum

396 997 550 1064 Fecunda
565 1001 651 1078 vitis,
667 1024 727 1066 nec
743 1001 884 1066 sterilem
900 1023 995 1086 seges

439 1101 649 1188 Robiginem,
666 1116 723 1168 aut
736 1103 849 1168 dulces
864 1104 984 1168 alumni

482 1205 648 1272 Pomilero
662 1228 760 1292 grave
776 1217 904 1291 tempus
920 1230 1016 1272 anno.

397 1307 494 1386 Nam,
511 1332 585 1393 quae
600 1308 697 1373 nivali
711 1309 857 1394 pascitur
872 1307 997 1395 Algido

332 1410 373 1474 10
394 1411 523 1476 Devota
539 1433 679 1496 quercus
694 1413 781 1476 inter
794 1422 828 1476 et
842 1411 944 1488 ilices,

434 1512 505 1579 Aut
519 1515 637 1580 crescit
652 1512 791 1578 Albanis
806 1515 841 1577 in
853 1513 977 1591 herbis,

477 1617 631 1694 Victima,
647 1616 839 1702 pontificum
855 1639 987 1682 secures

393 1717 527 1784 Cervice
542 1719 679 1804 tinguet.
725 1717 776 1784 Te
792 1719 872 1784 nihil
885 1719 1002 1784 attinet

392 1819 537 1886 Tentare
551 1821 653 1886 multa
667 1821 757 1886 caede
771 1821 955 1887 bidentium

330 1924 370 1985 15
436 1923 558 1988 Parvos
574 1934 782 1988 coronantem
795 1925 920 1988 marino

477 2027 568 2091 Rore
584 2027 664 2092 deos
679 2025 852 2111 fragilique
866 2038 983 2112 myrto.

389 2128 543 2193 immunis
558 2153 647 2194 aram
663 2131 689 2192 si
705 2128 814 2214 tetigit
827 2151 953 2206 manus,
976 2181 981 2192 .

389 2231 467 2297 Non
483 2243 650 2297 sumtuosa
664 2229 814 2295 blandior
829 2230 936 2294 hostia

434 2334 575 2400 Mollivit
589 2357 720 2399 aversos
737 2333 877 2399 Penates

324 2438 368 2502 20
475 2439 577 2503 Farre
592 2439 647 2523 pio
662 2447 696 2501 ct
710 2435 844 2502 saliente
858 2437 952 2502 mica.

170 2615 340 2666 massoram
351 2617 500 2683 splendorem
513 2627 538 2668 ct
551 2617 732 2686 amplitudinem
759 2625 818 2681 'pore
837 2622 895 2668 nuni
909 2623 964 2684 jam
987 2621 1140 2677 circumactu
1162 2626 1187 2668 et
1206 2636 1261 2675 xxv,
1281 2621 1324 2674 26,

170 2681 361 2748 respicientibus,
368 2684 479 2732 obtulerit
489 2701 595 2744 munera,
603 2693 651 2734 tam
664 2700 732 2748 agro·
766 2693 862 2748 tempora
872 2687 1002 2741 auctumni,
1011 2695 1032 2732 er
1042 2687 1096 2731 loeis
1105 2695 1191 2733 notura
1198 2689 1310 2747 gravibus
1316 2703 1324 2742 i

170 2761 222 2794 rum
234 2747 513 2813 incolumitatem,quarn
521 2749 619 2815 pecudis
630 2749 732 2798 salubri·
765 2757 790 2796 et
807 2749 863 2798 hinc
883 2750 927 2798 ini.
946 2752 997 2800 Sat.
1014 2749 1041 2806 ii,
1062 2751 1087 2805 6,
1108 2751 1148 2806 19,
1165 2753 1247 2813 grauis
1267 2767 1323 2798 uue-

169 2817 252 2870 tetem,
271 2827 365 2878 sperare
379 2813 457 2878 jubet.
491 2815 530 2862 En
545 2815 684 2880 preclaram
703 2814 733 2864 de
766 2822 867 2862 tamnus.

168 2874 268 2924 deorum
284 2886 363 2925 mente
378 2877 535 2928 sententiam!
553 2878 578 2928 in
595 2879 729 2993 crrgusqrd·
795 2879 883 2928 9-16,
910 2879 1017 2927 Sensus:
1047 2877 1159 2926 lautiores
1183 2875 1257 2934 enim,
1284 2879 1323 2926 vel

169 2938 222 2988 dem
233 2941 376 2990 tractatim
386 2951 479 3008 poetam
488 2943 607 3009 quendam
633 2946 730 2992 'recum
763 2958 846 3008 porcos
856 2943 895 2992 vel
906 2944 987 2999 boves,
998 2943 1150 3008 pontificibus
1165 2959 1208 3007 pro
1226 2943 1323 3008 publica

170 3004 284 3054 Horatio.
298 3006 429 3070 preivisse,
451 3008 489 3057 rel
518 3023 605 3059 noman
627 3008 731 3074 Phidyle
763 3007 841 3057 saluts
852 3007 965 3057 conuenit
974 3017 1078 3056 mactare
1090 3007 1214 3068 victimam
1231 3017 1258 3055 ru
1268 3023 1323 3057 rere

168 3067 252 3119 dooere
265 3080 352 3137 potest.
763 3089 811 3122 non
829 3089 889 3139 opus
908 3073 983 3121 habes
1001 3071 1083 3120 multis
1100 3072 1203 3120 victimis
1222 3070 1322 3121 deorum

202 3137 275 3185 1-s.
293 3137 409 3198 Supinas:
424 3137 535 3186 manibus
555 3137 620 3187 enim
636 3153 728 3186 sursum
762 3137 805 3186 tibi
817 3137 946 3186 conciliare
954 3136 1198 3201 gratimdummodo
1209 3137 1322 3185 corollam

168 3202 282 3266 upensis
292 3200 426 3266 antiquitus
436 3203 526 3266 precari
537 3203 659 3262 solebant3
673 3203 730 3253 hinc
762 3217 775 3252 e
788 3217 838 3252 rore
849 3203 941 3251 marino
950 3213 974 3250 et
985 3211 1061 3266 myrto
1073 3217 1159 3250 nesam
1169 3200 1262 3265 exiguis
1275 3204 1321 3251 La-

167 3263 329 3331 rirrrur'opnra
350 3271 440 3331 χειρῶν
460 3267 525 3333 apud
543 3269 628 3318 AEsch.
648 3269 730 3317 Prom.
762 3267 824 3316 rium
840 3267 976 3316 simulacris
991 3265 1140 3332 imposueris.
1174 3269 1272 3328 Algido:
1289 3268 1321 3316 ci.

169 3330 248 3380 1004:
273 3331 307 3380 ci.
327 3329 480 3396 interpretes.
514 3332 627 3382 Noscente
650 3333 729 3392 Luna,
762 3347 816 3398 sup.
828 3333 858 3380 ad
868 3333 886 3390 i,
897 3333 976 3387 21,6.
1011 3331 1320 3385 umotuscndsaerifici-

167 3394 302 3468 hordonio,
314 3395 353 3444 vel
366 3395 481 3470 Calendis
492 3397 610 3470 cujusque
624 3398 712 3446 mensis
722 3417 729 3460 ;
762 3413 817 3456 um;
835 3399 909 3446 deuoti
921 3406 1001 3445 autern
1012 3396 1042 3444 ad
1052 3396 1197 3470 ¹sacrificium
1206 3399 1278 3457 porci,
1294 3405 1322 3445 ut

167 3460 730 3634 parmmuri-rursm
762 3461 1323 3592 celsissimumrium

183 3589 294 3638 undecim
314 3588 392 3637 adhoc
410 3606 504 3638 merses
518 3591 651 3657 descriptus
668 3591 730 3640 luit:
763 3592 846 3645 herbis,
856 3591 912 3640 h.e.
924 3590 1020 3656 pascuis
1030 3590 1094 3639 circs
1103 3590 1193 3638 Albam
1205 3591 1321 3653 longam.

167 3651 267 3703 laudant
278 3654 367 3705 Canu.
377 3654 407 3702 de
420 3655 454 3702 R.
467 3655 501 3703 R.
512 3671 535 3704 c.
549 3657 604 3704 143.
639 3657 729 3714 llornu,
765 3657 865 3710 Certiae,
878 3655 995 3719 sanguina
1012 3670 1041 3703 ex
1052 3655 1100 3702 icta
1111 3654 1203 3704 cervice
1214 3671 1321 3720 prorum-

166 3716 296 3768 hornotina
307 3719 380 3784 (ὧραί
400 3719 421 3778 i,
434 3719 507 3784 hujus
522 3719 597 3785 ipsius
613 3721 671 3769 anni
681 3722 729 3786 pri·
762 3729 842 3786 pente.
872 3719 981 3784 Tingaet,
991 3719 1131 3775 maculabit,
1144 3718 1245 3767 inficiet:
1262 3720 1322 3768 Pro·

166 3782 245 3833 mitiis.
284 3783 369 3832 lours:
382 3739 478 3832 ςι1111611.
490 3783 507 3840 i,
519 3787 543 3842 ³,
560 3787 601 3841 ³4,
615 3787 729 3834 Reddita·
762 3793 821 3850 pert.
839 3785 870 3842 iv,
885 3785 907 3841 1,
924 3786 977 3838 111,
998 3785 1059 3832 ldem
1075 3786 1257 3846 Agamemnonio
1266 3785 1323 3848 fer·

166 3852 316 3912 pecorique
329 3859 447 3898 menstrua
463 3851 531 3897 thuro
544 3850 612 3898 Lori.
645 3853 729 3908 Anido,
761 3867 814 3896 rum
824 3852 911 3899 ceruice
921 3851 1004 3911 puella
1016 3850 1096 3897 Tinxit
1104 3868 1113 3906 ;
1132 3850 1200 3912 virg.
1213 3851 1275 3897 Geo.
1287 3849 1321 3906 iii,

166 3911 223 3961 reler
237 3913 271 3963 ad
289 3913 387 3961 vorandi
405 3913 550 3963 aviditatem.
585 3915 730 3964 Pestilentem
762 3915 819 3969 ⁴92,
832 3917 866 3962 Ac
882 3918 921 3961 nir
938 3917 1049 3976 suppositi
1065 3918 1193 3977 tinguntur
1210 3917 1323 3976 ninguine

167 3977 292 4041 Africum,
311 3977 402 4026 ritibus
423 3979 487 4028 enim
510 3979 618 4054 inprimis
635 3981 731 4045 pestifer
762 3981 835 4026 cultri
843 3998 851 4038 ,·
870 3978 944 4026 Ouid.
956 3979 1029 4026 Trist.
1042 3979 1074 4032 iv,
1086 3979 1112 4033 6,
1125 3980 1200 4032 Quom
1219 3983 1257 4025 eni
1276 3982 1322 4026 ulo

168 4042 203 4089 nl
223 4043 313 4092 noxius
336 4042 470 4092 habebatur
489 4043 568 4092 Africi
586 4046 625 4092 vel
645 4044 730 4094 Austri
761 4059 802 4090 sno
813 4046 927 4106 sanguiue
938 4046 1012 4091 tincta
1023 4045 1115 4090 rubent.
1150 4043 1217 4090 Nihil
1228 4046 1322 4100 ottimt,

167 4104 248 4156 flatus:
269 4106 321 4155 vid.
339 4106 434 4156 Pallad.
455 4106 481 4163 ii,
504 4109 546 4155 13:
569 4108 602 4157 cl.
623 4109 728 4172 Boettig.
763 4123 810 4154 noo
829 4123 890 4174 opus
906 4116 952 4162 est,
965 4123 1013 4156 oon
1031 4107 1151 4156 convenit.
1181 4107 1212 4154 Te
1225 4116 1322 4167 tentore,

167 4167 313 4237 Robiginem.
327 4171 409 4220 vitium
422 4173 485 4236 quod
498 4172 571 4235 segeti
582 4173 656 4220 nimio
673 4173 730 4222 solis
762 4171 787 4218 h.
798 4188 822 4221 e.
834 4173 959 4228 lacessere,
971 4170 1108 4229 sollicitare,
1121 4187 1156 4220 sc.
1168 4171 1247 4219 uttibi
1258 4173 1322 4222 save·

167 4243 223 4285 astu
240 4235 412 4297 conuertitur,
434 4253 486 4294 nos,
505 4237 602 4294 Brund,·
620 4247 645 4286 at
661 4241 731 4286 :uredo
762 4245 812 4285 ant.
848 4237 934 4284 Porum
950 4238 1017 4294 deos,
1032 4235 1132 4285 deorum
1147 4237 1244 4285 Larium
1259 4238 1323 4286 enim

167 4297 195 4348 de
210 4317 238 4350 eo
251 4300 312 4350 vitio
322 4300 420 4356 dicitur,
432 4317 481 4366 quo
497 4317 564 4365 seges
577 4301 662 4366 frigore
676 4311 732 4351 usta
762 4301 891 4350 simulacra
906 4300 994 4364 exigua
1011 4300 1084 4348 lorms
1100 4300 1180 4366 effingi
1196 4301 1321 4350 solebant:

167 4365 342 4431 conumpitur:
361 4364 396 4414 cl.
412 4366 517 4429 boettig.
550 4367 665 4423 Similem,
682 4375 730 4416 ste·
762 4365 1034 4423 ci.Tibull.i‚10,17.
1068 4365 1228 4420 Colorem,ut
1243 4367 1323 4418 obser-

166 4428 262 4479 rilitatis
286 4445 394 4480 causam
429 4431 515 4480 Dnlees
535 4433 635 4488 alumni,
658 4431 731 4488 hedi,
762 4439 803 4480 rat
814 4430 854 4478 Cl.
866 4429 968 4479 illitsch.
979 4445 1010 4478 ex
1021 4431 1121 4480 Horatio
1130 4431 1200 4480 duxit
1211 4431 1324 4478 Juvenal.

166 4494 358 4609 tuitii
373 4494 731 4610 lt,²3‘¹³{ti²titss'‘¹'⁵5lt
763 4493 1326 4624 iuliiltitiittitttll'ssi'ii

167 4565 314 4674 ralemdini'
323 4625 354 4673 ob
375 4597 594 4690 seris'gnvitaum
613 4599 731 4691 pernicio-⁹
764 4595 861 4672 corona:
1014 4596 1020 4615 ’

168 4701 237 4736 sum:
265 4689 318 4738 Liv.
338 4688 374 4748 iii,
392 4692 418 4746 6,
435 4707 508 4755 grum
524 4702 612 4753 tempus
628 4700 649 4737 et
664 4690 732 4755 forte
798 4689 902 4736 17-20.
920 4688 1325 4750 lmmnnisoramsirrtigitmnnus,

168 4769 243 4802 onnus
254 4756 364 4817 pestilens
370 4771 380 4814 ,⁶
396 4762 421 4804 et
432 4771 454 4803 c.
466 4757 491 4811 b,
504 4769 542 4804 stu
551 4759 659 4818 grauiore
675 4766 729 4804 un-
765 4760 833 4802 ceth:
850 4753 936 4818 junge,
947 4754 972 4801 Si
983 4769 1066 4800 manses
1077 4755 1184 4801 immunis
1194 4754 1325 4815 (meele-

741 4837 757 4870 u
