3659 5892
892 522 1120 591 EPODON

855 862 1064 931 CARMEN
1088 864 1150 931 xl.

807 1114 878 1163 AD
921 1112 1199 1163 PETTIUM.

554 1288 676 1371 Perat,
693 1290 773 1356 nihil
788 1314 851 1370 me,
867 1292 952 1357 sicut
967 1304 1074 1371 antea,
1085 1295 1180 1378 juvat

641 1395 792 1461 Scribere
807 1394 986 1460 versiculos
1000 1394 1124 1461 Amore
1139 1416 1330 1480 percussum
1344 1395 1454 1480 gravi3

556 1494 690 1575 Amore,
705 1498 761 1581 qui
776 1520 827 1562 me
841 1508 963 1582 praeter
978 1518 1089 1562 omnes
1104 1498 1231 1582 expetit

642 1597 800 1665 Mollibus
815 1601 849 1663 in
864 1599 975 1684 pueris
991 1609 1048 1663 aut
1061 1600 1095 1664 in
1108 1598 1226 1683 puellis
1242 1622 1349 1665 urere.

501 1702 522 1765 5
556 1701 623 1767 Hic
638 1702 753 1767 tertius
769 1701 967 1779 December,
982 1723 1025 1766 ex
1038 1724 1105 1786 quo
1120 1702 1233 1767 destiti

641 1804 775 1871 lnaehia
789 1803 909 1881 furere,
926 1802 1014 1869 silvis
1029 1802 1186 1869 honorem
1200 1803 1334 1869 decutit.

554 1908 649 1973 Heu!
673 1930 736 1986 me,
751 1930 811 1993 per
826 1908 940 1973 urbem
956 1906 1043 1990 (nam
1056 1907 1161 1991 pudet
1176 1907 1258 1972 tanti
1272 1906 1360 1990 mali)

640 2009 767 2075 Fabula
781 2018 903 2093 quanta
918 2007 983 2073 fuit
1006 2009 1225 2073 conviviorum
1240 2018 1274 2073 et
1288 2010 1438 2094 poenitet,

554 2112 593 2177 In
608 2112 701 2197 queis
716 2122 876 2176 amantem
891 2123 925 2176 et
938 2110 1076 2196 languor
1090 2122 1124 2176 et
1139 2110 1302 2177 silentium

493 2216 532 2280 10
639 2213 772 2301 Arguit,
787 2226 821 2281 et
833 2212 935 2279 latere
950 2214 1073 2299 petitus
1089 2214 1152 2278 imo
1167 2215 1313 2299 spiritus.

553 2318 718 2383 Contrane
732 2316 859 2382 lucrum
873 2314 920 2379 nil
932 2313 1039 2380 valere
1054 2315 1229 2381 candidum

640 2419 800 2505 Pauperis
814 2418 1000 2504 ingenium?
1024 2417 1196 2502 querebar,
1213 2417 1388 2503 applorans
1402 2419 1481 2499 tibi;

596 2588 750 2640 CARMEN
768 2588 816 2638 x1.
1017 2597 1102 2650 preter
1112 2604 1186 2637 amnas
1197 2591 1391 2652 apetie-ama,
1402 2588 1525 2653 eleganter
1539 2606 1584 2656 pro

463 2656 543 2713 Quam
563 2670 648 2722 parum
666 2654 783 2704 firmitatis
801 2661 826 2703 et
847 2649 989 2703 constantia
1019 2652 1119 2717 vulgari,
1136 2653 1179 2719 qui
1196 2669 1235 2703 roe
1251 2651 1361 2718 inprimis
1380 2654 1438 2703 urit.
1469 2654 1583 2706 Mollibus

425 2718 472 2767 sibi
492 2720 523 2769 sit
544 2720 569 2769 iu
588 2718 753 2786 pervincendis
772 2718 859 2767 amoris
876 2717 988 2767 cruciati·
1019 2720 1138 2780 tepueris
1155 2727 1198 2765 aut
1218 2720 1245 2766 in
1259 2719 1353 2781 puellis.
1393 2720 1434 2769 De
1451 2718 1581 2780 locutione,

424 2784 479 2841 bus,
497 2783 601 2849 ingenue
617 2792 641 2833 et
654 2784 802 2833 familiariter
816 2782 893 2832 amico
911 2790 991 2832 suaet
1021 2798 1089 2831 urere
1109 2785 1135 2830 in
1158 2785 1236 2846 clauo
1254 2793 1277 2831 et
1295 2785 1384 2846 aliqua,
1405 2791 1434 2832 ut
1452 2786 1535 2833 ardere
1556 2794 1584 2835 et

424 2848 502 2897 sodali
514 2849 688 2915 Pettioaperit.
722 2846 820 2915 Repetit
835 2848 916 2911 igitur,
928 2846 988 2912 quid
1019 2857 1116 2895 estuare
1131 2850 1158 2895 ir
1172 2851 1262 2911 aliqua,
1278 2863 1330 2912 pro,
1351 2849 1383 2896 ob
1398 2848 1513 2913 aliquam,
1530 2848 1581 2899 vid.

426 2912 472 2962 sibi
488 2924 542 2965 ante
553 2924 601 2964 tres
612 2930 688 2963 anuos
703 2914 729 2962 in
741 2913 847 2963 Inachiae
858 2928 937 2961 amore
946 2928 987 2961 ac·
1021 2910 1106 2961 Heius.
1123 2910 1154 2960 ad
1167 2911 1240 2960 Ovid.
1252 2914 1315 2962 Met.
1330 2911 1364 2969 iv,
1375 2914 1434 2971 234,
1445 2922 1471 2962 et
1486 2914 1580 2963 Brouk·

425 2977 519 3035 ciderit,
530 2987 556 3028 et
571 2995 643 3045 quarn
660 2978 797 3045 turpiterse
814 2978 988 3043 incaptoeam
1020 2974 1075 3024 ltus.
1099 2975 1130 3024 ad
1153 2976 1246 3025 l'ibull.
1267 2976 1285 3032 i,
1309 2978 1334 3033 7,
1357 2978 1399 3026 40.
1436 2978 1477 3027 Ma
1496 2982 1582 3041 expetit

425 3041 550 3093 deserendi
565 3042 666 3093 consilio
681 3043 781 3093 dederit.
815 3044 872 3102 Qua
890 3057 914 3091 re
932 3058 987 3090 uar-
1019 3058 1097 3097 urere,
1110 3041 1366 3098 Graeautmeurat.

426 3115 486 3167 rata,
497 3123 598 3182 senune
610 3108 705 3183 Lycisci
715 3124 804 3183 amore,
814 3122 829 3155 a
839 3122 887 3172 quo
894 3106 987 3183 pariter
1050 3108 1140 3154 5—10.
1158 3106 1205 3183 llic
1215 3109 1300 3155 tertius
1312 3108 1529 3181 Deeenltor-Jsilois
1539 3110 1581 3158 lo·

426 3186 470 3247 pec
488 3173 753 3247 amicorum'consrlus,
772 3188 816 3221 nec
833 3188 901 3247 puen
920 3172 987 3222 rllrus
1017 3187 1094 3219 noem
1111 3172 1208 3228 detritu,
1229 3180 1312 3220 ornate
1343 3187 1383 3246 Ινο,
1406 3180 1491 3245 tertius
1513 3188 1580 3247 nunc

425 3237 529 3302 injuriu,
545 3236 650 3303 expediri
667 3246 749 3302 possit,
767 3246 842 3287 tenen
861 3237 982 3311 proliteus,
1017 3243 1055 3283 est
1065 3250 1152 3284 annus.
1174 3234 1333 3291 Honorando
1371 3254 1378 3283 r
1397 3237 1466 3299 Vug.
1477 3237 1540 3286 Gen.
1551 3238 1580 3295 ri,

425 3300 522 3351 mollem
541 3316 609 3351 suum
629 3310 654 3351 et
671 3316 753 3367 parum
770 3302 863 3351 virilem
880 3316 986 3351 animun
1019 3301 1076 3356 404,
1089 3300 1202 3363 Frigidus
1217 3310 1241 3349 et
1255 3302 1321 3350 sitris
1335 3302 1419 3364 Aquilo
1432 3304 1580 3350 wanuh-

426 3364 491 3415 haud
510 3364 655 3415 dissimulat.
687 3367 771 3417 Talem
790 3366 863 3431 igitur
881 3366 930 3415 tera
947 3380 986 3415 se·
1018 3380 1105 3412 mess.
1137 3362 1236 3412 londria
1244 3364 1340 3429 sume,
1353 3366 1385 3413 ob
1401 3364 1526 3414 Inachiam
1541 3366 1580 3414 tu·

426 3439 476 3480 met
501 3431 579 3497 ipsum
607 3431 632 3479 in
659 3430 704 3481 hoc
728 3430 834 3482 carmine
860 3429 987 3495 descripsit
1019 3443 1079 3485 rere.
1097 3426 1178 3485 furori,
1195 3444 1243 3539 pro
1264 3428 1367 3478 Inachia
1386 3444 1426 3478 me
1448 3438 1582 3495 correptum

425 3504 506 3610 didm!
540 3495 843 3624 ddlllrrtpllllnldliddudldl,
858 3496 989 3623 liuddddd
1018 3492 1323 3631 {illidit’sdilduquomodo
1358 3574 1383 3631 ’r
1399 3572 1441 3606 ora
1456 3558 1583 3609 hominurn

426 3626 557 3675 amantium
577 3625 651 3675 animi
674 3624 744 3675 modo
765 3624 812 3673 huc
835 3622 906 3671 modo
927 3623 986 3674 illuc
1018 3622 1141 3671 traductus
1155 3622 1207 3670 tur!
1235 3623 1329 3671 Fabula
1357 3624 1517 3689 rcuntur,qui
1531 3641 1582 3674 ser·

425 3688 579 3755 impellantur
590 3700 619 3764 ¹et
636 3688 765 3754 agitentur,
782 3704 824 3755 pro
841 3687 928 3737 illustri
944 3704 986 3738 sr-
1018 3686 1131 3762 monibup
1149 3686 1255 3736 omniurn
1274 3686 1482 3763 circumferuntur,
1501 3688 1582 3738 riden-

424 3754 694 3877 emlp-lddal’eddtiiorleillll
705 3837 747 3875 me,
758 3822 819 3868 sicut
830 3828 908 3877 anteo,
913 3821 988 3881 juvat
1019 3751 1495 3891 lldluslhddmtllldrdffdnrdlniijddl
1502 3851 1509 3866 .
1516 3754 1583 3867 'pilli‘d

425 3882 527 3932 Scribere
540 3886 660 3933 uersiculos
669 3885 752 3933 Amore
761 3900 893 3947 paeonum
902 3885 987 3946 gravi:
1021 3884 1132 3929 lentium:
1143 3881 1174 3929 de
1184 3882 1289 3940 silentio,
1301 3882 1389 3930 amoris
1399 3898 1419 3931 sr
1453 3898 1478 3940 o,
1489 3882 1522 3931 cl.
1533 3884 1583 3932 Ca·

425 3962 515 4011 exque
527 3958 632 4013 tempore
643 3962 722 3997 amore
733 3948 865 4005 excrucior,
878 3962 927 3995 non
936 3962 987 3995 am-
1020 3946 1112 4002 tullii,
1122 3948 1152 3995 9:
1163 3944 1303 4011 ct.sup.iv‚
1315 3949 1338 4001 l,
1347 3948 1379 3995 35
1388 3954 1413 3995 ct
1436 3948 1461 3995 6.
1483 3949 1582 4011 deguit,

426 4011 500 4076 plius,
511 4020 540 4061 ut
554 4021 618 4069 ante,
632 4014 758 4063 Musarum
775 4011 861 4062 studiis
875 4012 989 4062 delector.
1021 4009 1107 4076 prodit,
1137 4008 1214 4072 ηνύει·
1231 4026 1286 4076 sup.
1299 4010 1317 4067 i,
1331 4012 1370 4067 13,
1385 4012 1410 4068 t,
1427 4013 1541 4061 lamma
1556 4015 1584 4061 in

426 4078 650 4139 Amorepereusrum
664 4081 743 4143 grum,
756 4078 813 4135 h,e.
826 4076 990 4126 sauciatum
1019 4091 1091 4140 genos
1124 4076 1198 4123 urtim
1208 4076 1307 4131 labitur,
1319 4091 1429 4138 arguens,
1442 4076 1517 4130 Qum
1532 4079 1582 4126 tea·

426 4141 494 4205 gravi
510 4142 573 4197 Deo¹
587 4142 691 4203 Amora;
709 4144 796 4191 namsi
814 4146 893 4199 Amor,
905 4150 934 4190 ut
949 4157 988 4190 se·
1020 4141 1152 4203 tispeaitur
1169 4142 1383 4204 mmertgm'lus.
1417 4140 1532 4189 Etlaters
1542 4158 1583 4204 ps·

426 4206 525 4271 qucum
537 4206 672 4281 postulant.
689 4206 740 4271 jem
758 4206 817 4256 deur
834 4214 878 4264 est,
889 4208 932 4281 qui
948 4222 987 4255 sa·
1020 4206 1130 4253 titasimo
1140 4206 1245 4267 spiritus,
1257 4212 1402 4318 ornatapro,
1412 4204 1463 4253 alta
1470 4206 1584 4271 suspiria.

426 4270 494 4337 gittis
507 4269 691 4320 surahominum
707 4271 799 4321 animos
846 4279 988 4329 rcutrt,uou
1020 4270 1062 4318 ct.
1080 4269 1182 4319 Mitsclr.
1202 4284 1257 4317 cour
1315 4277 1326 4316 t
1369 4269 1445 4317 ellim.
1464 4270 1511 4334 Ep.
1531 4270 1582 4329 xlv,

423 4337 555 4398 penum
579 4350 634 4384 cum
655 4335 766 4393 Mitsclr„
856 4352 989 4399 percnum
1023 4333 1236 4396 1,’Ἑλκοςῖχων
1283 4335 1363 4391 ξεῖνος
1380 4333 1528 4384 ἐλάνθανεν·
1550 4334 1586 4395 ὥς

425 4415 482 4450 cum
498 4400 581 4451 Bentl.
598 4398 724 4463 legendum
744 4408 789 4450 est.
823 4401 947 4449 Perculsus
963 4410 989 4450 et
1020 4400 1126 4462 ἀνιηρὸν
1134 4401 1237 4463 Πνεῦμα
1249 4396 1290 4448 tut
1304 4397 1425 4459 στηθέων,
1436 4398 1505 4459 εἶδες,
1517 4400 1582 4461 dm·

423 4482 544 4529 percamus
558 4464 583 4514 in
594 4464 707 4515 omuibus
717 4482 787 4531 pene
796 4473 902 4515 veterum
912 4466 987 4531 scrip·
1019 4463 1119 4530 γάγετο.

426 4530 517 4579 toribus
532 4529 681 4580 librariorum
699 4530 915 4596 imperitiatemare
975 4558 985 4568 -
1053 4528 1585 4585 ll-18.Corrtrcuelucwm,cett.Nerus

426 4603 519 4645 mutata
533 4604 604 4645 suntr
622 4594 671 4644 rid.
683 4595 805 4645 Bentlrd
817 4595 843 4643 lr.
855 4595 874 4643 1.
885 4604 910 4643 et
947 4610 985 4642 ra-
1018 4601 1043 4641 et
1058 4608 1144 4641 seusus
1162 4591 1234 4657 hujus
1249 4591 1322 4658 paulo
1337 4592 1492 4658 impeditioris
1504 4603 1530 4643 et
1539 4594 1584 4642 ob·

425 4658 497 4709 kanb.
515 4660 547 4709 ad
564 4658 609 4709 Sil.
626 4661 682 4709 Ital.
700 4659 725 4717 ii,
742 4662 801 4710 21³.
835 4659 931 4714 Gravis,
950 4668 987 4709 est
1018 4656 1130 4705 acutioris
1138 4656 1194 4714 loci,
1205 4665 1233 4705 ut
1243 4657 1302 4705 mihi
1311 4657 1413 4714 videtur,
1420 4666 1457 4706 est
1466 4658 1516 4706 lere
1526 4656 1581 4707 hic:

425 4725 489 4772 enim
506 4725 581 4773 Amor
595 4725 649 4784 θεὸς
664 4725 754 4791 βαρὺς,
770 4723 858 4783 δεινός.
889 4723 937 4778 Qut
952 4740 987 4771 me
1018 4721 1115 4788 tuipse,
1129 4721 1329 4779 Petti,antetres
1341 4722 1495 4772 aunostestis
1507 4722 1584 4780 fuisti,

1216 3508 1278 3556 gere.
1319 3494 1367 3542 Per
1386 3496 1467 3542 arten
1489 3495 1583 3544 Fatale
