3659 5892
629 547 809 617 'LIBER
831 551 876 631 ΙΙ,
901 555 931 617 7.

647 889 826 958 SATIRA
849 891 928 957 Vll.

299 1112 322 1177 J
324 1130 495 1177 tununun
510 1110 671 1189 ausculto,
687 1122 720 1176 et
735 1112 870 1196 cupiens
885 1112 947 1178 tibi
962 1112 1072 1178 dicere
1086 1134 1199 1178 servus

299 1214 422 1292 Pauca,
438 1211 623 1278 reformido.
670 1213 851 1278 Davusne?
888 1212 951 1277 Itu.
997 1213 1125 1294 Davus,
1141 1200 1293 1283 amicum

298 1316 502 1401 Muncipium
518 1315 661 1393 domino,
677 1326 710 1380 et
724 1314 823 1401 frugi,
840 1315 930 1399 quod
945 1316 988 1379 sit
1002 1318 1099 1397 satis;
1122 1318 1185 1385 hoc
1199 1328 1261 1397 est,

297 1418 346 1484 Ut
360 1417 457 1483 vitale
472 1429 579 1503 putes.
625 1416 713 1502 Age,
728 1416 879 1482 libertate
895 1416 1083 1496 Decembri,

243 1514 266 1584 5
297 1521 442 1595 Quando
457 1521 503 1585 ite
516 1522 654 1604 majores
670 1519 852 1596 voluerunt,
870 1530 979 1584 utere:
1001 1542 1109 1585 numa.

298 1624 380 1688 Pars
395 1621 560 1687 hominum
575 1621 660 1685 vitiis
676 1622 800 1706 gaudet
815 1632 1013 1698 constanter,
1028 1632 1062 1687 et
1077 1634 1173 1708 urget

299 1724 526 1811 Propositum:
550 1745 626 1809 pars
642 1722 743 1787 multa
758 1733 859 1801 natat,
875 1724 973 1789 modo
987 1734 1077 1788 recta
1092 1745 1278 1810 capessens,

298 1826 467 1893 Interdum
481 1827 590 1912 pravis
606 1826 758 1892 obnoxia.
805 1825 900 1911 Saepe
916 1834 1048 1891 notatas

299 1930 382 1993 Cum
397 1930 502 1994 tribus
517 1928 664 2007 annellis,
680 1928 777 1993 modo
792 1927 873 1993 laevo
888 1928 1022 1993 Priscus
1036 1930 1135 1993 inani.

234 2032 276 2095 10
296 2031 390 2097 Vixit
405 2031 587 2117 inoequtdis,
604 2030 729 2096 clavum
744 2040 781 2094 ut
796 2040 936 2095 mutaret
950 2031 985 2093 in
999 2029 1116 2107 horus:

296 2132 443 2197 AEdibus
458 2156 500 2197 ex
512 2134 638 2215 magnis
655 2132 764 2196 subito
779 2154 814 2197 se
828 2133 996 2209 conderet,
1012 2134 1101 2197 unde

298 2234 457 2301 Mundior
472 2238 577 2300 exiret
591 2236 646 2299 vix
661 2233 831 2299 libertinus
847 2235 1003 2299 honeste:

297 2335 373 2400 dam
387 2337 535 2402 moechus
551 2338 677 2414 Romae,
689 2337 756 2421 jam
772 2337 881 2403 mallet
895 2338 1011 2402 doctor
1025 2335 1167 2401 Athenis

388 2486 519 2537 struit
538 2489 600 2539 vn.
806 2490 923 2539 licentiam
938 2501 960 2539 et
980 2492 1108 2539 libertates:
1123 2493 1223 2546 dicendi,
1235 2507 1283 2554 qsrae
1301 2492 1364 2548 aeto,

247 2551 341 2607 Davus,
368 2566 459 2608 servm,
487 2568 559 2629 quem
587 2552 711 2610 Horatius,
734 2568 775 2618 pro
805 2558 861 2617 quia
879 2556 1044 2603 saturitatibus
1064 2556 1158 2603 libertas
1172 2558 1241 2603 seruis
1259 2558 1364 2603 coacede-

211 2614 322 2665 libertate
332 2615 371 2665 die
381 2616 545 2667 saturnslrum
563 2616 637 2667 seriis
652 2632 774 2675 mucosus,
806 2622 884 2675 batur,
903 2628 927 2667 et
943 2636 1018 2666 omnes
1038 2621 1222 2682 meqsobautur,
1240 2627 1269 2666 ut
1288 2622 1365 2668 :omli

212 2681 285 2746 poulo
297 2679 411 2729 suducius
422 2696 505 2729 secum
521 2682 659 2746 loquentem
671 2682 772 2741 inducit,
805 2685 880 2739 aursi,
889 2700 933 2745 quo
943 2684 1059 2731 Saturnus
1069 2686 1184 2747 regnarit,
1195 2694 1250 2733 esset
1257 2686 1366 2731 imitatio.

211 2744 774 2877 :turnum
806 2743 1365 2875 tntumcurrunt:

211 2874 261 2939 pini
269 2873 538 2939 philosophijuuitorem
548 2890 628 2925 secum
640 2875 772 2925 communi·
804 2878 848 2932 rtis,
862 2894 915 2924 nam
926 2886 948 2924 et
959 2879 1025 2924 iibsrr'
1036 2892 1063 2923 ss
1073 2879 1143 2923 seruis
1151 2887 1173 2924 et
1181 2880 1241 2924 serti
1251 2892 1277 2923 rs
1289 2878 1366 2923 liberis
1417 2871 1422 2881 '

212 2952 279 2987 muse
292 2938 335 2994 sit,
346 2938 371 2987 in
386 2939 432 2987 hnc
448 2939 724 3015 &immoraturum
741 2956 772 2990 ue
797 2942 872 3003 fluat.

210 3001 237 3051 in
257 3002 339 3051 herum
357 3003 460 3068 ejusque
480 3003 538 3054 vitiu
561 3004 658 3054 liberius
680 3004 734 3053 inve
752 3005 771 3053 i·
837 3007 862 3053 6.
892 3006 1036 3060 Constantes,
1064 3003 1148 3053 eudem
1175 3020 1269 3069 semper
1294 3004 1366 3069 perti·

211 3074 258 3116 tur.
805 3069 883 3117 necis.

247 3134 318 3179 1-4.
334 3131 479 3179 Jarndudrtru
489 3136 602 3191 ameuito,
614 3140 671 3183 cett.
697 3132 772 3197 Finge
836 3134 860 3182 7.
879 3134 1032 3194 Propositum,
1050 3149 1100 3182 rsm
1119 3134 1192 3183 semei
1211 3133 1364 3199 propositum,

211 3194 255 3243 tihi
267 3195 395 3244 Horatium
406 3195 436 3244 od
452 3210 586 3246 revocasse
597 3212 689 3247 seruum
701 3212 772 3245 ιιιιιιιι
803 3196 862 3246 licet
873 3197 1030 3246 inhonestam.
1067 3198 1366 3261 Natat,huci11ucsgits·

212 3261 324 3309 Datum:
344 3259 412 3309 audit
428 3262 522 3319 Durus,
538 3262 690 3327 respondeus,
704 3263 719 3311 J
722 3278 772 3310 ιιιι-
804 3268 851 3317 tur,
864 3261 973 3316 fluctuet,
985 3261 1107 3310 mutabilis
1122 3271 1173 3310 est:
1192 3264 1247 3312 Cic.
1261 3262 1292 3310 de
1307 3263 1366 3311 Nat.

212 3323 303 3373 dudum
315 3340 384 3373 eures
401 3324 432 3373 sd
443 3341 524 3374 rocem
536 3325 772 3376 dominimerocan·
806 3325 840 3373 D.
857 3325 892 3381 iii,
907 3327 946 3384 14,
964 3325 993 3373 irs
1011 3342 1056 3389 quo
1074 3337 1100 3374 tu
1118 3329 1174 3374 miii
1194 3331 1267 3391 magis
1285 3337 1368 3375 natare

212 3388 244 3437 tis
254 3389 346 3453 strigo;
364 3404 418 3437 ιιιιιιι
433 3390 504 3464 cupio
535 3405 595 3439 unes
607 3392 657 3455 (sc.
668 3390 774 3439 rectioris
805 3392 906 3439 uisuros.

213 3454 267 3503 tite
280 3454 412 3566 precsgts)
428 3453 471 3502 utu
521 3470 579 3511 erte,
591 3456 642 3511 sed,
654 3454 712 3519 quia
723 3470 772 3505 ser·
838 3456 862 3509 t,
875 3456 900 3503 9.
919 3454 1027 3509 Notatur,
1039 3470 1074 3503 sc.
1086 3463 1137 3512 cst3
1155 3453 1222 3519 posui
1233 3454 1304 3518 igitur
1314 3462 1368 3518 post

211 3533 257 3567 rus
273 3518 355 3574 sumi
388 3518 466 3567 fucere
481 3518 615 3568 reformido.
648 3521 772 3575 Davusne,
806 3520 873 3566 inani
892 3517 1069 3567 distinctionem
1087 3519 1218 3583 majorem
1235 3534 1289 3566 nam
1309 3521 1367 3566 visit

213 3597 295 3632 sertus
308 3598 385 3638 meus,
397 3598 475 3647 peuce
488 3582 546 3631 mihi
562 3584 641 3631 dicere
652 3584 774 3632 minuturi
806 3584 926 3645 torquatis
944 3582 975 3630 ιιι
992 3584 1117 3648 sequentia
1136 3591 1227 3631 mutum
1244 3581 1369 3631 referenda

212 3648 276 3697 Sene
294 3662 338 3711 ego
356 3648 451 3705 Davus,
469 3662 551 3697 servus
566 3656 640 3706 tuus;
657 3662 711 3695 nam
730 3664 774 3711 ego
807 3647 926 3696 ridentur.
962 3648 1057 3710 Junge:
1081 3646 1177 3695 Priscus
1193 3648 1280 3709 (sape)
1297 3646 1369 3695 modo

213 3710 337 3761 dominum
354 3726 433 3760 meum
452 3727 516 3768 emo,
534 3718 566 3769 et,
581 3720 696 3777 quantum
718 3714 775 3761 ιιιιι
807 3712 822 3774 (
824 3713 931 3774 notatus)
941 3712 1077 3760 observatus
1084 3720 1108 3759 et
1118 3719 1261 3776 conspectus
1269 3718 1306 3759 est
1316 3729 1369 3760 curs

214 3786 258 3833 est,
273 3777 343 3825 boute
359 3774 435 3837 fragis
451 3792 532 3826 servus
549 3792 612 3833 sum,
629 3776 662 3825 itu
679 3776 775 3841 quidem
807 3779 882 3825 tribus
898 3776 1007 3831 aaoettu,
1019 3779 1083 3823 modo
1098 3778 1170 3838 (iaeoa
1186 3776 1269 3837 inani)
1285 3775 1328 3831 ιιι,
1341 3784 1369 3824 ut

214 3843 258 3905 (ut
277 3842 348 3889 uitale
364 3842 456 3903 putes),
475 3848 503 3890 ut
521 3840 615 3890 credere
633 3842 718 3907 possis,
737 3858 776 3891 sne
808 3855 886 3889 vacus
904 3840 976 3905 plens
992 3847 1018 3888 et
1033 3838 1189 3888 inanisceret
1207 3839 1265 3888 leva
1282 3854 1369 3887 munus

213 3905 397 3954 nonmtediem
406 3906 543 3954 moriturum
553 3921 613 3955 esse.
623 3908 703 3969 (Ante
712 3905 775 3954 diem
808 3905 921 3963 saaulir;
937 3919 980 3968 pro
995 3904 1097 3968 ruiguri,
1114 3904 1212 3952 Priscus
1230 3904 1301 3952 modo
1321 3913 1370 3953 tres

215 3970 280 4019 enim
301 3970 361 4018 mori
379 3971 526 4035 putabuntur
543 3986 557 4019 o
575 3969 626 4017 timi
644 3970 734 4035 quique
752 3978 776 4019 ct
809 3970 920 4025 annulos,
932 3968 1004 4016 modo
1018 3969 1111 4017 nulium
1125 3969 1187 4017 less
1200 3984 1273 4016 menn
1290 3984 1370 4031 gerere

215 4033 422 4100 prestantissimi:
451 4034 524 4083 Orid.
572 4050 605 4083 m.
629 4034 655 4091 ii,
682 4037 706 4091 6,
734 4036 775 4090 ³9,
809 4032 908 4083 solebat.
942 4033 1059 4082 Devsrio
1075 4033 1140 4098 apud
1151 4032 1275 4082 Romanos
1292 4050 1369 4081 ιιιιιιιι-

217 4100 309 4161 Optima
320 4098 457 4164 primassre
467 4102 572 4147 matribus
582 4101 710 4161 rapiuntur
721 4116 776 4146 aua·
809 4096 886 4146 lorum
902 4113 948 4145 usu
963 4096 1011 4145 tid.
1024 4098 1184 4146 Kirchmsnn.
1199 4096 1230 4146 de
1241 4098 1334 4147 hunul.
1345 4106 1371 4146 et

214 4166 256 4213 sis.
287 4166 377 4214 Jocoss
392 4163 465 4229 igitur
476 4163 592 4213 modestis
602 4164 689 4213 Davus
700 4164 777 4211 bonus
809 4177 863 4226 quae
876 4162 923 4210 buc
936 4170 1054 4228 spectant,
1065 4177 1119 4227 cap.
1133 4164 1163 4211 lb
1174 4178 1229 4228 sqq.

216 4235 308 4277 tantum
325 4242 415 4285 servus,
427 4243 475 4275 ιιοιι
492 4228 606 4293 optimus,
618 4227 692 4277 rideri
704 4226 778 4291 vult).
845 4228 949 4275 toust.
975 4226 1037 4274 Viuit
1059 4229 1188 4289 tuaquaiis,
1207 4234 1264 4277 cett.
1302 4225 1370 4274 Idem

217 4293 256 4342 Sic
268 4291 327 4341 mihi
338 4292 448 4357 inhujus
459 4291 537 4341 sutirae
548 4291 671 4358 principio,
684 4291 713 4340 de
729 4308 777 4356 quo
809 4289 855 4339 tuit
870 4292 942 4339 homo
958 4298 1008 4339 tam
1022 4289 1082 4339 serii
1099 4291 1197 4354 ingenii,
1212 4300 1240 4340 ut
1256 4290 1283 4338 in
1301 4289 1371 4339 hors:

216 4371 232 4404 ι
253 4356 373 4414 Bentleic,
394 4357 437 4421 qui
460 4356 524 4405 hunc
549 4372 605 4405 com
645 4357 778 4406 recedente
809 4356 880 4404 modo
889 4354 971 4403 tunica
981 4354 1191 4412 tamtummodo
1199 4354 1375 4418 ungusticlsris

217 4420 324 4471 suumin
335 4436 409 4470 unum
421 4422 586 4485 conglutinare
597 4373 701 4479 uniebat,
712 4428 737 4471 et
748 4422 778 4469 ab
811 4420 921 4484 prodiret,
932 4420 1004 4468 modo
1019 4436 1049 4469 ex
1063 4420 1157 4483 magnis
1168 4420 1260 4467 adibas
1271 4422 1309 4479 (se
1319 4436 1372 4466 carr·

217 4486 272 4535 eliis
287 4486 453 4553 interpretibus
462 4486 563 4535 muitum
575 4486 613 4535 dis
632 4494 723 4535 utetum
734 4494 779 4542 est,
812 4484 891 4545 deret)
911 4500 938 4533 se
961 4484 1075 4549 reciperet
1091 4493 1116 4532 et
1134 4484 1231 4533 abderet
1266 4484 1328 4529 arvis
1349 4492 1374 4531 et

218 4550 297 4600 omnis
306 4552 369 4600 bene
380 4550 426 4599 sibi
436 4550 578 4615 respondere
589 4503 706 4599 videntur.
812 4548 982 4598 humilioribus
999 4548 1100 4604 edibus,
1117 4546 1231 4597 nuderis
1249 4500 1374 4595 iibettinus

251 4617 275 4673 i,
287 4618 312 4665 5.
329 4615 448 4664 Libertate
462 4617 687 4669 Decembri—utere.
704 4622 779 4670 utere,
813 4611 885 4689 paulo
899 4612 987 4662 cultior
999 4613 1112 4662 decenter
1126 4612 1211 4662 exiret.
1244 4612 1374 4675 iusouaiir,

236 4696 273 4729 ute
284 4680 357 4729 sertis
367 4694 449 4728 mense
458 4679 596 4735 Decembri,
606 4679 781 4734 Saturnalibus,
814 4685 966 4726 inconstans:
984 4693 1038 4744 sup.
1052 4679 1104 4726 Sat.
1122 4676 1140 4731 i,
1156 4678 1180 4734 3,
1190 4679 1215 4734 9,
1232 4676 1275 4724 Nu
1290 4678 1376 4739 equote

218 4698 269 4793 dari
287 4744 356 4801 sciet,
368 4743 493 4794 libertate:
511 4744 594 4793 Scbcl.
612 4744 679 4802 Aen,
693 4744 783 4792 Habeat
815 4741 960 4806 iomiuifuit
971 4743 1017 4790 iili.

779 4820 818 4857 se
