3659 5892
866 483 1164 552 CARMINUM

652 636 703 702 Illi
719 639 820 704 robur
834 647 868 702 et
883 661 929 702 ess
944 637 1065 723 triplex

587 740 628 804 10
693 740 789 806 Circa
802 751 918 826 pectus
930 751 1012 818 erat,
1027 741 1084 825 qui
1099 739 1246 825 fragilem
1261 739 1346 806 truci

650 841 818 908 Commisit
832 842 950 928 pelago
963 853 1067 908 ratem

695 945 835 1024 Primus,
851 967 911 1012 nec
926 946 1034 1010 timuit
1048 946 1250 1030 praecipitem
1263 942 1414 1010 Africum

650 1047 884 1113 Decertantem
898 1045 1132 1132 Aquilonibus,

693 1150 768 1217 Nec
784 1151 893 1216 tristes
909 1150 1059 1235 Hyades,
1071 1172 1132 1215 nec
1147 1150 1271 1215 rabiem
1285 1149 1379 1228 Noti,

589 1253 628 1318 15
651 1254 729 1327 Quo
743 1277 809 1318 non
823 1254 947 1320 arbiter
961 1252 1100 1320 Hadriae

692 1357 814 1442 Major,
830 1353 943 1422 tollere
959 1377 1019 1420 seu
1033 1375 1155 1440 ponere
1168 1353 1238 1420 vult
1252 1352 1348 1420 freta.

651 1460 759 1533 Quem
773 1459 886 1524 mortis
901 1458 1008 1522 timuit
1021 1457 1171 1543 gradum,

695 1562 764 1636 Qui
778 1562 876 1627 rectis
892 1559 995 1626 oculis
1009 1572 1154 1626 monstra
1168 1560 1324 1638 natantia,

650 1663 719 1736 Qui
730 1664 812 1728 vidit
826 1685 914 1730 mare
929 1663 1096 1748 turgidum
1110 1674 1145 1730 et

585 1765 629 1829 ao
695 1765 835 1832 Inlames
851 1765 1004 1850 scopulos
1018 1765 1084 1831 alta
1096 1765 1279 1831 Ceraunia?

649 1868 884 1953 Nequidquam
899 1868 995 1936 Deus
1010 1867 1151 1933 abscidit

693 1970 844 2036 Prudens
860 1970 997 2037 Oceano
1011 1969 1212 2035 dissociabili

650 2073 784 2152 Terras,
802 2075 829 2137 si
845 2085 953 2140 tamen
967 2074 1075 2158 impiae

689 2175 769 2242 Non
782 2178 948 2262 tangenda
961 2187 1048 2241 rates
1063 2175 1249 2242 transiliunt
1263 2177 1357 2240 vada.

584 2279 626 2341 25
648 2277 771 2343 Audax
787 2279 893 2346 omnia
908 2279 1037 2364 perpeti

692 2381 786 2446 Gens
801 2381 943 2446 humana
956 2382 1022 2446 ruit
1037 2403 1096 2466 per
1111 2381 1247 2447 vetitum
1260 2381 1363 2448 nefas.

649 2479 773 2546 Audax
788 2483 901 2568 dapeti
915 2505 1019 2568 genus

692 2585 805 2670 ignem
819 2583 936 2650 fraude
949 2585 1034 2650 mala
1047 2587 1200 2671 gentibus
1214 2584 1334 2650 intulit.

432 2788 486 2823 ere
531 2771 886 2848 cuninrialtranslete,puicbre
900 2772 947 2821 sibi
960 2787 996 2821 re·
1028 2772 1105 2848 (issu,
1114 2772 1210 2848 pluere)
1218 2783 1293 2822 uocat.
1326 2773 1595 2827 Quonoeertitsrceu.

433 2853 493 2904 spon
510 2845 560 2886 ent.
597 2837 685 2885 Anime
700 2839 823 2886 dimidium
839 2837 930 2904 (ἣμισυ
951 2841 997 2898 τῆς
1029 2853 1081 2902 qm,
1106 2837 1593 2902 nodatunetedtempestaterntamcon·

432 2904 532 2969 ψυχῆς)
542 2909 598 2950 nota
609 2901 696 2950 summi
708 2901 796 2952 amoris
805 2901 948 2952 declaratio.
1028 2854 1150 2952 citandam
1169 2918 1242 2967 quarn
1258 2900 1458 2967 componendam,
1473 2918 1593 2952 summam

466 2969 557 3017 9-12.
574 2968 655 3016 Locus
672 2967 716 3032 qui
733 2967 842 3033 seqnitur
857 2981 888 3017 ex
903 2983 929 3017 re
943 2966 999 3033 ipse
1029 2967 1055 3016 in
1066 2967 1127 3016 mari
1138 2966 1279 3016 Hadriatico
1288 2975 1385 3018 exercet
1392 2975 1544 3031 potestatem.

433 3032 606 3081 subnatusest.
635 3033 768 3082 Nemeum
783 3040 861 3098 poeta,
874 3047 998 3098 neceque
1062 3033 1102 3090 17,
1115 3034 1154 3082 le.
1188 3033 1262 3087 Quem
1284 3035 1362 3080 nortis
1413 3033 1494 3089 edun,
1516 3047 1593 3096 quarn

434 3096 552 3161 Virgilius
566 3095 697 3146 vehebatur
711 3098 799 3154 soluta,
810 3105 944 3162 reputasset
957 3112 996 3145 se·
1027 3096 1092 3146 dam
1106 3097 1136 3146 ad
1149 3097 1249 3153 Orcum,
1260 3097 1287 3145 h.
1295 3113 1318 3146 e.
1329 3113 1362 3162 qn
1405 3095 1488 3144 mortis
1503 3111 1594 3160 genus.

433 3177 490 3210 cum
508 3160 635 3210 subeunda
652 3177 718 3211 nunc
738 3161 874 3210 amicosne
892 3161 919 3210 in
936 3160 998 3210 mari
1027 3163 1077 3210 Pro
1093 3161 1188 3225 vulgari
1205 3161 1317 3218 lectione,
1334 3163 1400 3210 necis
1415 3162 1497 3218 ιοιιὶὲι,
1515 3161 1593 3226 quod,

432 3225 547 3291 pericula,
558 3233 643 3292 sponte
658 3225 684 3274 in
699 3235 820 3276 auctorem
832 3226 918 3274 borum
933 3227 996 3292 peri·
1028 3225 1075 3275 nisi
1093 3243 1143 3292 pro,
1161 3228 1226 3276 lento
1245 3226 1335 3283 emmo,
1353 3227 1391 3276 rel
1407 3225 1468 3274 duro
1482 3236 1593 3300 pectore,

432 3290 551 3348 culorum,
562 3289 720 3356 navigationis
733 3291 824 3358 quippe
839 3290 996 3349 inventorem,
1027 3291 1179 3356 explicueris,
1190 3293 1299 3360 ineptum
1310 3299 1355 3348 est,
1364 3291 1435 3356 (nam
1447 3305 1502 3355 quis
1510 3290 1593 3339 bellu·

432 3356 588 3414 convertitur,
596 3365 621 3404 et
631 3355 685 3404 loco
696 3371 740 3405 sno
752 3356 831 3404 locum
842 3371 995 3404 communem
1027 3371 1094 3404 arum
1106 3357 1250 3404 marinnnrm
1261 3355 1385 3422 adspectu,
1397 3354 1444 3404 nisi
1458 3354 1591 3404 mnodum

432 3419 462 3469 de
474 3419 576 3470 audacia
587 3419 711 3470 bominum
722 3429 817 3470 tractat.
850 3419 995 3470 Similiavs·
1027 3435 1086 3485 puer
1100 3421 1140 3477 sit,
1154 3420 1262 3470 mandat
1277 3419 1421 3482 lacrimari)
1437 3419 1590 3482 elegantissi-

432 3492 509 3534 terum
524 3493 656 3552 poetarum,
669 3501 683 3534 a
694 3485 782 3551 quibus
795 3485 886 3552 primus
896 3484 995 3534 narium
1027 3499 1091 3534 mam
1101 3485 1205 3535 Bentleii
1217 3485 1296 3552 recepi
1309 3483 1510 3541 emendationem,
1521 3489 1591 3534 rectis

431 3549 540 3599 inventor
547 3549 663 3626 carpitur,
672 3551 726 3600 loca
737 3549 835 3614 collegit
847 3550 931 3598 Bnrm.
941 3551 995 3600 Sec.
1026 3552 1107 3607 oculis,
1118 3550 1144 3598 b.
1155 3567 1180 3601 e.
1190 3550 1269 3599 oculis
1285 3565 1335 3600 non
1348 3548 1452 3604 retortis,
1463 3547 1507 3598 sed
1523 3557 1592 3598 recte

432 3613 464 3662 ad
482 3613 667 3672 Lomento.
700 3617 735 3664 At
750 3613 884 3672 Lotichius,
899 3623 996 3662 contra·
1026 3612 1053 3661 in
1069 3623 1175 3664 monstra
1191 3614 1235 3664 illa
1252 3613 1361 3664 natantia
1377 3615 1509 3663 conversis.
1544 3614 1592 3664 Vir

430 3679 489 3728 riam
499 3679 640 3729 sententiam
648 3688 755 3738 secutus,
764 3679 889 3728 laudatum
898 3694 996 3728 carmen
1025 3678 1112 3728 doctus
1142 3679 1223 3730 uidem
1240 3679 1267 3728 in
1278 3678 1355 3728 Neris
1368 3679 1506 3730 Commeat.
1517 3677 1589 3743 Lipe.

430 3744 553 3793 exorditur
567 3745 616 3794 sic:
640 3746 687 3798 Qui
698 3748 789 3808 primur
805 3746 879 3792 iatum
895 3744 995 3793 ruicurit
1028 3744 1100 3800 1803,
1141 3743 1182 3800 .i,
1199 3742 1591 3809 putamussecundum

428 3812 545 3872 puppibus
557 3827 641 3873 equor,
656 3809 728 3860 Utilis
741 3811 847 3858 bunonis
861 3809 940 3856 usibus
954 3811 996 3857 iiie
1026 3811 1120 3872 rigidis,
1133 3811 1232 3875 (ξηροῖς
1247 3807 1401 3866 ἀκλαύστοις
1414 3807 1508 3881 ὄμμασι
1523 3809 1590 3872 apud

423 3873 488 3938 jirir,
497 3881 554 3924 cett.
578 3873 645 3933 Quid
655 3872 993 3940 perreiumquauocequid·
1026 3873 1139 3938 AEscbyi.
1154 3876 1222 3948 Sept.
1240 3873 1405 3935 cram)
1423 3880 1458 3920 ita
1476 3879 1505 3920 ut
1521 3871 1590 3922 oculi

429 3936 993 4002 quiddummetfirmumesrnotatur,intelli·
1025 3938 1163 3987 dcciiidem
1176 3946 1226 3987 sint
1239 3937 1368 4002 quisseti5
1384 3936 1426 3986 sed
1454 3935 1589 3985 uisiectio-

428 4003 535 4065 gendum
554 4004 592 4060 sit,
612 4002 714 4068 adjectis
735 4001 835 4051 vocibus
856 4019 886 4051 ιι
906 4005 993 4065 eripies
1025 4017 1090 4060 nem,
1101 4017 1175 4068 qnam
1189 4018 1249 4053 usus
1263 4000 1378 4068 loquendi
1390 3953 1526 4058 condinae,
1538 4017 1589 4052 nnn

429 4082 469 4116 ma
486 4067 654 4117 'sdeclaratun
677 4067 734 4116 Fuit
741 4067 791 4124 iiie,
799 4066 840 4124 eit,
848 4065 992 4116 durissimus
1024 4068 1134 4132 praeierat
1148 4067 1180 4125 ei,
1191 4068 1264 4134 cnjus
1279 4065 1408 4135 explicatio
1423 4064 1497 4116 dubia
1510 4074 1536 4116 et
1548 4065 1588 4116 in·

429 4146 459 4179 en
478 4131 652 4197 acissimnsque
695 4132 720 4180 ni
747 4137 803 4180 cett.
844 4131 991 4180 Hominibus
1022 4141 1088 4181 certa
1098 4135 1196 4183 maneti

428 4197 692 4246 autemdurissimistn
710 4195 989 4276 uiturpectnsierrenm,
1060 4199 1103 4246 20.
1134 4198 1247 4263 insanies,
1271 4195 1403 4260 nauhgiis
1434 4210 1521 4261 nempe
1551 4195 1588 4246 ibi

427 4263 505 4328 θυμὸς
518 4261 646 4326 σιδήρειος,
662 4261 722 4327 ἦτορ
737 4259 868 4324 σιδηρειον.
902 4263 991 4312 Prtci·
1022 4261 1108 4323 tactim
1131 4265 1183 4312 nitu
1205 4263 1322 4311 (Σηιιιιιὶα
1344 4263 1423 4327 (sirpo
1444 4258 1587 4325 Κεραύνια)

425 4330 505 4389 piton,
518 4327 635 4393 precipiti
648 4325 739 4393 impetu
753 4335 872 4376 ruentem.
1022 4336 1116 4377 montes
1126 4327 1153 4376 in
1162 4327 1230 4376 litore
1238 4326 1306 4392 Epiri
1314 4324 1451 4376 intermnre
1460 4325 1586 4374 Hadriati·

461 4394 499 4449 14,
509 4395 546 4440 16.
558 4393 643 4440 Tristes
651 4391 753 4455 Hyades.
767 4390 989 4458 Hyades,(Letinie
1020 4403 1110 4442 caniet
1119 4392 1230 4442 lennem
1238 4391 1477 4458 pmminentes,quos
1485 4400 1585 4456 prester·

425 4457 541 4520 simin)
557 4457 633 4506 stelle
650 4455 676 4504 in
693 4456 771 4522 ponte
787 4455 870 4513 Tauri,
885 4471 987 4521 quarum
1018 4456 1074 4506 uehi
1085 4457 1205 4508 debebant
1218 4473 1249 4506 ex
1260 4455 1334 4506 ltalia
1344 4455 1371 4505 in
1381 4455 1504 4506 Graeciam
1517 4455 1586 4504 navi-

425 4529 490 4570 onus
505 4531 530 4571 et
540 4537 639 4571 occasus
650 4524 739 4571 trium
750 4529 797 4570 tem
842 4528 913 4570 tatem
925 4537 986 4588 pre·
1018 4529 1112 4586 gentes.

424 4585 503 4637 dicere
521 4587 669 4636 credebatur.
706 4585 780 4636 Ovid.
821 4593 865 4634 est.
882 4601 906 4643 ν,
929 4589 985 4646 165,
1049 4587 1091 4635 22.
1108 4587 1255 4636 Dimmidi
1269 4585 1348 4636 actim
1361 4582 1582 4648 oeneuexplicantz

426 4654 475 4700 Ocu
491 4655 578 4701 minist
595 4651 667 4700 Tauri
683 4663 767 4714 septem
784 4651 986 4715 redientinflnm·
1018 4650 1295 4718 quiterrasdiesoeisret.
1302 4658 1431 4724 repenset:
1443 4649 1583 4697 cilicenses.

425 4720 475 4774 nris,
493 4717 579 4766 Navita
594 4731 650 4781 quae
662 4717 759 4781 Hyades
771 4716 859 4766 Graius
871 4719 900 4764 at
916 4718 987 4766 intre
1018 4716 1066 4767 Sed
1079 4732 1136 4766 eum
1150 4717 1293 4767 dissociabile
1307 4714 1402 4765 dicetm
1416 4713 1481 4780 quod
1496 4713 1583 4764 moissi
