3659 5892
596 1139 850 1234 METRA
881 1133 1200 1232 HORATII
1233 1129 1531 1226 LYRICA.

950 1475 1152 1487 aun-.—

906 1712 1212 1772 PROOEllllUlll.

486 1979 629 2063 Maras,
643 1991 747 2070 quibus
762 1988 902 2047 Horatius
923 1988 954 2045 in
975 1986 1038 2046 odis
1054 2005 1125 2046 usus
1141 1997 1196 2055 est,
1210 1987 1377 2046 exhibituro
1390 1987 1464 2044 mihi
1477 1985 1574 2044 visum
1588 1994 1644 2050 est,

483 2087 661 2168 quorundam
693 2084 730 2144 ad
762 2103 823 2142 rem
856 2081 1005 2142 metricam
1038 2081 1250 2160 pertinentium
1276 2081 1482 2141 vocabulorum
1512 2080 1645 2139 tironum

483 2183 609 2242 maxime
630 2199 714 2238 eausa
734 2177 910 2256 praemittere
930 2176 1047 2234 brevem
1068 2174 1300 2252 explicationem,
1314 2175 1428 2234 omissis
1445 2195 1512 2254 quse
1532 2171 1647 2232 notiora

484 2296 546 2336 esse
560 2273 663 2335 solent.
703 2271 740 2329 In
754 2269 829 2350 qnod
842 2269 972 2328 studium
986 2269 1012 2327 si
1025 2269 1074 2328 cui
1086 2268 1175 2327 altius
1188 2279 1341 2346 penetrare
1355 2269 1388 2326 in
1400 2268 1498 2328 animo
1511 2269 1562 2337 sit,
1572 2267 1647 2326 duee

484 2379 586 2428 utatur
599 2367 772 2446 peritissimo
785 2361 950 2423 Godofredo
964 2363 1134 2422 Hermanno
1143 2361 1183 2420 V.
1195 2362 1241 2420 cl.
1255 2361 1438 2439 (Haudbuch
1452 2363 1505 2422 der
1518 2361 1646 2422 Metrilr.

485 2463 587 2540 Leipz.
603 2461 704 2538 1799.)

524 2555 637 2616 Versus
658 2553 792 2614 iambicos
812 2561 842 2610 et
861 2550 1016 2610 trochaicae
1030 2547 1219 2610 Grammatici
1232 2549 1406 2629 plerumque
1418 2549 1545 2630 dipodiis
1560 2551 1647 2625 (trra-

485 2648 574 2728 δίιιις),
587 2652 616 2709 h.
631 2670 657 2709 e.
670 2648 803 2707 binorum
817 2645 925 2724 pedum
938 2645 1066 2704 seriebus
1081 2643 1167 2717 (Μ’
1180 2655 1232 2703 aut
1245 2643 1330 2720 ““·“)
1345 2645 1520 2715 metiuntur,
1534 2657 1566 2706 et
1580 2666 1647 2706 ver-

485 2767 550 2807 sum
564 2745 686 2804 duarum
700 2741 878 2820 dipodiarum
900 2759 924 2797 s.
939 2757 976 2797 ex
996 2749 1120 2816 quatuor
1136 2737 1260 2816 pedibus
1280 2748 1462 2797 constantem
1480 2739 1647 2811 dimetrum,

486 2840 580 2900 tribus
593 2837 717 2918 dipodiis
737 2857 760 2895 s.
775 2855 826 2895 sex
846 2833 969 2912 pedibus
987 2842 1185 2891 constructum
1206 2832 1365 2890 trimetrum
1378 2842 1491 2890 vocent.
1532 2832 1648 2896 Versus

487 2933 565 2993 enim
582 2931 696 2993 iambici
715 2951 781 2990 cum
801 2930 832 2987 in
850 2927 919 2988 locis
938 2926 1096 3005 imparibus
1111 2923 1228 3004 (primo,
1243 2925 1340 2994 tertio,
1354 2926 1441 3003 cett.)
1455 2945 1490 2986 ac
1507 2929 1649 2990 trochaici

487 3027 518 3086 in
531 3027 647 3106 paribus
662 3024 812 3100 (sectando,
825 3023 943 3101 quarto)
957 3021 1116 3098 spondeum
1136 3020 1242 3080 habere
1261 3021 1383 3098 possint,
1396 3021 1553 3098 rhythmus
1567 3023 1648 3084 idem

487 3133 553 3201 post
573 3119 703 3198 singalas
720 3119 837 3178 demum
853 3114 985 3194 dipodius
1004 3114 1089 3174 redit.
1131 3113 1185 3172 Sin
1198 3135 1265 3174 vero
1278 3114 1315 3174 de
1328 3115 1488 3192 dactylicis,
1503 3117 1647 3178 choriam-

487 3216 558 3275 bicis
571 3225 788 3289 ceterorumque
800 3228 940 3287 generum
952 3209 1082 3268 versibus
1097 3206 1241 3288 (exceptis
1254 3221 1353 3269 tamen
1366 3212 1561 3289 anapaesticis,
1574 3233 1648 3291 quo-

487 3330 553 3370 rum
574 3317 667 3368 metra
687 3305 774 3365 etiam
793 3309 865 3362 κατὰ
879 3305 991 3362 taxatas
1004 3303 1221 3380 dispesmmtur)
1235 3316 1396 3374 sermnem,
1410 3307 1648 3386 dtnseterappel-

488 3405 568 3464 latur
577 3401 628 3481 qui
642 3398 762 3467 duobus,
777 3397 904 3456 trimeter
916 3398 967 3475 qui
979 3397 1074 3456 tribus
1086 3397 1251 3456 continetur
1264 3398 1388 3477 pedibus
1401 3398 1592 3477 simplicibus.

528 3494 641 3557 Versus
661 3492 817 3552 catalectum
831 3491 936 3564 (στίχος
956 3491 1136 3567 surdastrae)
1155 3499 1200 3548 est
1218 3493 1302 3569 cujus
1321 3493 1390 3570 pedi
1409 3492 1515 3554 ultimo
1534 3493 1648 3572 syllaba

488 3593 578 3653 deest.
620 3589 653 3648 Si
666 3587 734 3666 pedi
748 3597 799 3644 aut
812 3584 961 3664 trisyllaba
974 3593 1027 3643 aut
1039 3582 1224 3661 tetrasyllabo
1236 3584 1302 3644 duae
1315 3585 1433 3664 syllaba
1446 3587 1565 3657 desunt,
1581 3609 1647 3650 rer-

489 3707 538 3747 sus
551 3683 651 3745 existit
665 3681 831 3748 catalectns‚
846 3691 896 3738 aut
911 3679 942 3737 in
955 3677 1094 3756 syllabam
1109 3687 1160 3736 aut
1173 3677 1204 3734 in
1217 3676 1399 3757 disyllabum.

527 3779 639 3838 Versus
657 3773 923 3854 brachycatalectus
940 3782 985 3831 est
995 3771 1050 3852 ‚cui
1067 3790 1119 3849 pes
1136 3771 1249 3847 integer
1263 3771 1364 3831 deest:
1386 3795 1444 3833 non
1458 3776 1516 3834 nisi
1529 3778 1647 3838 iambici

486 3885 517 3936 et
530 3871 666 3933 trochaici
679 3889 779 3929 versus
792 3865 1032 3944 brachycatalecti
1045 3873 1123 3923 sunt.

525 3965 638 4028 Versus
656 3963 833 4023 acatalcotua
850 3971 894 4019 est
911 3960 943 4017 in
961 3958 1044 4035 cujus
1060 3956 1166 4016 ultimo
1187 3968 1279 4018 metro
1297 3959 1371 4019 nihil
1390 3961 1427 4020 ad
1441 3962 1645 4041 integritatem

487 4064 579 4132 deest,
593 4079 687 4140 neque
700 4057 858 4137 quidquam
871 4053 1009 4112 abundat.

526 4157 640 4216 Versus
653 4149 910 4232 hypercatalectus,
925 4149 957 4206 in
970 4166 1027 4225 quo
1039 4165 1098 4204 una
1111 4145 1142 4202 in
1156 4143 1214 4204 fine
1228 4144 1338 4223 syllaba
1350 4135 1489 4208 abundat.

526 4249 619 4310 Baris
631 4258 676 4309 est
694 4268 746 4327 pes
759 4247 881 4306 duarum
895 4253 947 4302 aut
959 4241 1049 4300 trium
1062 4239 1248 4318 syllabarum,
1261 4261 1279 4298 a
1291 4240 1399 4318 quibus
1411 4263 1512 4304 versus
1523 4247 1645 4324 quidam

487 4345 646 4414 exorditur,
661 4355 815 4421 antequam
830 4339 918 4398 series
931 4335 1038 4414 pedum
1052 4334 1149 4392 versui
1161 4332 1205 4391 illi
1218 4333 1398 4411 propriorum
1411 4338 1524 4416 incipit.

527 4441 644 4501 Horatii
664 4437 725 4497 odae
746 4452 910 4515 perversus
930 4428 977 4489 rel
997 4427 1127 4504 ejusdem
1147 4447 1248 4506 usque,
1262 4427 1309 4486 vel
1323 4429 1446 4508 duplicis
1459 4433 1507 4492 rel
1520 4436 1647 4514 triplicis

486 4536 600 4617 generis
617 4535 784 4594 decurrunt.
827 4527 904 4585 Sunt
925 4524 1016 4602 igitur
1036 4524 1179 4597 ποιήματα,
1193 4521 1241 4580 rel
1252 4523 1394 4597 μονόκωλα,
1408 4527 1455 4586 vel
1476 4533 1583 4600 δίκωλα,
1597 4532 1646 4592 vel

486 4637 610 4714 spicosa.
652 4627 764 4688 Versus
785 4631 882 4682 autem
897 4617 1003 4679 diversi
1018 4617 1143 4694 generis,
1158 4635 1194 4675 ex
1213 4625 1292 4677 certo
1312 4618 1413 4680 ordine
1434 4641 1547 4702 semper
1561 4625 1646 4686 rede-
