3659 5892
645 502 872 569 CARMEN
900 504 949 569 14.

643 794 851 863 CARMEN
875 796 972 863 XIV.

563 1012 633 1061 AD
663 1012 1055 1063 MAECENATEM.

405 1172 539 1239 Montis
554 1174 671 1239 inertia
684 1196 744 1241 cur
759 1183 881 1239 tantam
896 1172 1066 1239 diffuderit
1079 1174 1151 1239 imis

533 1276 742 1343 Oblivionem
757 1278 919 1355 sensibus,

403 1377 527 1445 Pocula
542 1378 698 1445 Lethaeoe
714 1389 751 1445 ut
766 1379 794 1443 si
807 1379 962 1445 ducentia
976 1400 1106 1445 somnos

534 1480 660 1547 Arente
675 1480 768 1547 fauce
784 1482 950 1559 traxerim,

351 1584 373 1646 5
407 1581 556 1649 Candide
571 1582 750 1663 Maeeenae,
766 1583 888 1649 occidis
904 1605 992 1668 eoepe
1006 1583 1171 1668 rogando:

534 1684 640 1763 Deus,
656 1685 751 1751 Deus
766 1708 841 1751 nam
854 1708 906 1751 me
920 1696 1011 1751 vetat

404 1787 570 1874 Inceptoc‚
586 1788 662 1853 olim
676 1788 871 1871 promissum
885 1809 1026 1865 carmen,
1038 1786 1163 1853 iambos

533 1888 589 1954 Ad
605 1888 793 1955 umbilicum
807 1888 983 1955 adducere.

403 1992 482 2058 Non
497 1991 592 2057 aliter
604 1990 714 2057 Samio
729 1990 842 2057 dieunt
856 1993 976 2057 arsiaae
990 1990 1145 2077 Bathyllo

343 2094 384 2157 10
531 2092 742 2160 Anacreonta
755 2092 893 2173 Teium;
1115 2092 1120 2105 '

402 2196 471 2271 Qui
485 2218 634 2282 persaepe
649 2218 728 2262 cava
743 2196 907 2261 testudine
922 2196 1013 2261 flevit
1028 2220 1181 2275 amorem,

534 2298 613 2364 Non
626 2298 829 2365 eleboratum
844 2298 886 2363 ad
901 2298 1030 2384 pedem.

388 2503 542 2554 CARMEN
559 2502 634 2553 XIV.
823 2510 894 2561 vetat,
910 2509 968 2553 oetl.
982 2516 1036 2569 tup-
1049 2502 1127 2567 Epod.
1140 2504 1179 2557 ll,
1194 2504 1216 2559 l,
1233 2504 1306 2562 Petri,
1324 2507 1384 2553 nihil

263 2568 396 2617 Mecenati
410 2567 541 2619 identidem
558 2566 685 2617 Horatium
699 2564 793 2631 roganti
823 2584 866 2625 me,
880 2570 942 2617 sieut
958 2576 1036 2624 amca,
1044 2572 1118 2631 janot
1134 2568 1237 2617 Scribere
1253 2572 1383 2625 vanarn,

230 2642 322 2683 etcum
336 2649 366 2683 eo
380 2632 553 2699 expostulanti,
563 2648 607 2681 cur
620 2630 672 2697 jam
688 2630 731 2681 diu
747 2629 791 2681 da·
824 2634 906 2680 Amore
926 2648 1057 2694 percurram
1077 2636 1156 2695 poet.
1196 2632 1308 2696 inceptor,
1328 2636 1383 2682 otim

230 2704 279 2747 tam
296 2696 376 2755 tidem,
386 2713 412 2747 ae
424 2714 520 2747 carmen
534 2696 663 2745 iambicum
678 2712 734 2745 cum
748 2694 791 2745 illo
821 2698 956 2757 prominent
965 2712 1066 2753 comen,
1078 2699 1170 2753 tantu,
1179 2697 1301 2772 inceptum
1312 2697 1384 2757 illud.

230 2763 406 2813 communicare
426 2763 498 2819 velle,
522 2761 629 2811 nundum
655 2759 790 2819 exsolverit,
822 2761 888 2825 quod
898 2760 956 2810 olim
968 2760 1012 2810 tibi
1020 2760 1126 2826 promisi,
1134 2762 1383 2823 carmeniambicum;

230 2826 356 2893 respondet
375 2838 444 2894 poeta
470 2828 496 2877 in
522 2826 569 2875 hoe
596 2826 710 2883 carmine,
732 2824 790 2875 dum
866 2825 900 2875 aia
939 2840 1019 2891 uoqne
1038 2840 1121 2874 rocem
1141 2828 1196 2875 olion
1216 2842 1272 2875 curn
1294 2828 1382 2878 Wake-

230 2892 390 2966 omniamorae
403 2907 504 2967 ¹eritream
514 2891 541 2940 in
552 2906 664 2948 amorem,
676 2906 725 2955 quo
735 2905 789 2955 gra·
838 2890 902 2940 eldio
955 2894 1055 2953 inceptor
1066 2890 1159 2939 reform.
1192 2889 1383 2943 cinnoente

229 2956 790 3085 llfqtts‘lhiltffihlttiitl
820 2955 1384 3087 rfflriinltnttrt'ntthttlf

229 3083 606 3153 hlaeceneteminpulcherrimn
628 3084 699 3133 uelle
710 3099 789 3135 amore
837 3100 877 3134 nm
889 3084 1085 3135 eameriatimat:
1109 3086 1151 3135 red
1169 3085 1242 3134 nolim
1257 3086 1310 3151 jam
1326 3106 1381 3150 pro·

228 3166 286 3263 paup
308 3151 411 3201 maxime
432 3158 585 3217 occupatum,
607 3100 682 3199 licen
704 3158 788 3201 tentem
819 3152 913 3263 piupnp
931 3166 1027 3263 pawn
1047 3148 1079 3197 de
1094 3149 1381 3264 lpludbwdlmer03

238 3230 295 3264 aci.
837 3229 867 3263 au
914 3232 931 3264 n
949 3230 971 3264 re
1003 3230 1018 3264 e
1102 3229 1147 3263 ran
1173 3232 1190 3263 u
1276 3232 1382 3267 carmine

262 3281 335 3329 1-e.
353 3280 431 3330 Mollia
452 3283 548 3337 inertia,
567 3286 624 3329 cett.
642 3277 742 3345 pulchre
763 3286 788 3329 et
818 3293 896 3329 termo
911 3288 958 3330 ert.
991 3229 1260 3330 Sieplledtnllnillxvde
1274 3283 1381 3333 carmine

228 3343 353 3457 splendide
369 3362 412 3412 pro
422 3344 524 3411 wlgari,
535 3359 579 3394 cur
594 3344 713 3393 effluxerit
728 3343 788 3393 mihi
816 3345 942 3406 peculiari,
952 3344 1018 3409 qnod
1031 3360 1061 3393 en
1074 3344 1220 3394 Callimachi
1233 3345 1381 3397 cuminibn

227 3425 243 3475 p
254 3424 299 3461 ane
311 3426 341 3459 er
352 3410 441 3469 animo,
452 3410 518 3475 qnod
528 3408 559 3459 de
568 3408 673 3459 carmine
684 3408 788 3459 iambico
819 3408 850 3458 de
861 3409 931 3457 Coma
939 3409 1059 3457 Βηιηίοα
1066 3408 1160 3457 Latinis
1171 3408 1275 3459 numeria
1284 3426 1380 3478 caprea·

228 3474 350 3539 quondam
368 3475 412 3523 tibi
428 3475 589 3541 promiseram,
601 3488 665 3540 rape
682 3488 708 3521 ro
741 3472 789 3522 ndo
820 3488 875 3522 turn
893 3473 1000 3523 nondum
1015 3488 1046 3523 ex
1062 3473 1177 3539 promitto
1195 3472 1299 3535 miserat,
1314 3476 1380 3543 apud

227 3554 266 3589 me
292 3555 389 3599 enecas,
411 3540 513 3590 candide
538 3540 671 3589 Maecenas.
736 3539 788 3587 otte
820 3538 1103 3588 Horatiumreexcurat.
1136 3540 1319 3588 arumnicum
1335 3544 1378 3589 ad-

228 3605 322 3661 ἱππεία,
333 3604 456 3669 ignarum,
468 3620 517 3670 quo
527 3605 582 3670 qnia
593 3602 698 3653 molliter
707 3602 787 3652 difflu-
818 3606 911 3660 duan,
929 3601 961 3651 ad
983 3602 1055 3652 inem
1075 3602 1213 3668 perducere.
1251 3604 1378 3655 Umtilicur

226 3668 351 3726 itotium.
385 3668 583 3719 Pomtolaethcor
598 3678 627 3717 ut
642 3670 662 3717 ri
677 3670 787 3717 durantia
818 3665 1102 3732 luitbaciliurterer,qui
1112 3667 1378 3719 extreminvoluminum

226 3750 311 3783 somnos
327 3736 414 3783 Arenre
422 3734 500 3809 sance
516 3735 636 3790 traxerim,
654 3731 723 3796 quari
742 3748 786 3797 ego
817 3730 865 3781 orie
879 3731 914 3781 ita
928 3730 986 3797 adju
1033 3733 1114 3789 batur,
1125 3740 1153 3779 nt
1166 3732 1221 3797 ejus
1232 3732 1379 3783 adminiculo

226 3812 256 3847 ex
267 3798 343 3849 Lethe
354 3799 463 3848 biberim.
488 3798 652 3863 Arentesouce
665 3799 784 3855 traxerim,
817 3796 860 3845 illa
890 3796 1045 3847 circumvovi
1072 3805 1188 3863 portent5
1219 3796 1379 3863 prominentes

226 3862 296 3913 aride
311 3862 447 3923 hauserim
464 3862 498 3912 alc
514 3860 632 3912 Herculea
641 3864 722 3910 vinum
733 3871 785 3911 trc-
818 3860 889 3911 utrirn
906 3876 937 3911 ue
1029 3876 1077 3918 ‚ex
1088 3876 1155 3916 auro,
1165 3871 1272 3927 argento,
1280 3863 1319 3912 rel
1330 3862 1378 3912 aiio

226 3928 278 3975 hm
294 3928 358 3994 apud
374 3928 430 3977 Val.
445 3926 512 3977 Flac.
528 3926 565 3983 iii,
581 3926 630 3975 609
647 3924 744 3985 dicitnr,
761 3935 786 3977 et
817 3940 855 3975 me
900 3941 915 3974 o
947 3934 1017 3983 actae,
1039 3924 1183 3975 dicebantur
1201 3944 1305 3975 mua:
1329 3927 1377 3977 vid.

226 3991 260 4041 sic
279 3992 360 4043 tneo
377 4000 403 4043 et
421 3994 494 4068 ηᾷν
513 3990 579 4058 apud
597 3990 712 4041 Grecos:
735 3990 785 4042 vid.
818 3989 1082 4103 Hepn.ad'libull.iii,
1093 3992 1117 4046 1,
1130 3992 1169 4039 1³.
1182 3992 1254 4041 Liber
1265 3991 1378 4057 igiturne

227 4056 333 4123 Bergler.
354 4056 384 4107 ad
408 4056 551 4123 Alerphron.
576 4056 593 4115 i,
616 4056 657 4112 34,
680 4072 706 4121 p.
728 4056 785 4106 1⁴9.
816 4072 855 4103 um
871 4057 951 4104 ilicum
960 4054 1244 4106 addactmdebebateare
1252 4058 1379 4108 absolutus

227 4121 353 4180 Ducentio,
370 4120 522 4179 adducenda,
539 4130 567 4170 ut
582 4136 638 4186 nup.
653 4120 736 4170 Cann.
747 4120 784 4179 iii,
816 4128 840 4169 et
850 4119 962 4171 adfinem
973 4120 1111 4187 perductur.

225 4186 439 4243 27‚42,aomnium
453 4189 545 4235 duem.
579 4186 678 4233 latinos
690 4202 784 4244 wmnor,
848 4186 939 4234 9-16.
956 4189 1044 4235 Arriae
1063 4186 1186 4251 Bathyllo:
1203 4186 1234 4237 de
1255 4185 1377 4237 locutione

225 4251 298 4301 talem
310 4260 435 4318 torporem,
445 4250 521 4365 puali,
533 4250 575 4316 qui
590 4265 620 4300 ex
631 4249 708 4300 Lethe
718 4248 783 4301 bibe-
816 4252 898 4299 ardere
913 4252 992 4315 aliquo
1008 4251 1046 4299 vel
1063 4253 1153 4315 aliqum
1167 4251 1216 4300 vid.
1231 4266 1285 4327 nup.
1299 4251 1330 4299 ad
1349 4253 1376 4307 ii,

225 4324 289 4375 runt,
299 4317 441 4375 obruuntur,
469 4314 785 4366 .e.onniumremmobli·
817 4316 842 4373 4,
855 4314 879 4363 7.
902 4314 1119 4380 Triumhincfida
1131 4316 1376 4381 Teioenp.r,li,lss.

225 4380 328 4431 rionem.
347 4378 786 4455 Condideranimioandoreminquo
819 4380 872 4428 Non
899 4380 1043 4429 auimatum
1063 4383 1094 4428 od
1118 4384 1207 4442 pedm
1230 4380 1377 4430 carminibus

227 4443 265 4493 vel
274 4446 398 4495 inanimes
428 4454 506 4495 etatur
517 4444 632 4501 amicitia,
638 4443 787 4495 familiariter
818 4443 884 4495 haud
897 4443 929 4494 ad
942 4454 1021 4494 certor
1032 4443 1102 4495 metri
1111 4445 1184 4510 pedes
1198 4443 1325 4508 diligenter
1334 4462 1376 4495 ex-

227 4462 458 4560 ltlncenntitrildit.
483 4511 688 4584 Otadineneeaa.
713 4510 785 4567 Daui,
818 4508 893 4571 actia;
914 4509 988 4584 paulo
1004 4508 1118 4561 licentius
1134 4525 1220 4583 nempe
1236 4508 1261 4556 in
1274 4524 1376 4583 pennu·

226 4574 310 4624 Amor.
340 4576 415 4623 Num.-
433 4574 464 4624 ad
474 4574 537 4625 hane
547 4574 690 4641 particulam
698 4572 786 4641 enpple
818 4573 897 4623 tendis
914 4574 1010 4634 iambo,
1027 4582 1163 4639 nuperus,
1181 4573 1302 4640 spondere,
1319 4585 1377 4623 cett.

225 4638 273 4688 iere
284 4640 350 4689 hnc:
368 4639 428 4695 noli,
438 4654 530 4704 quaero,
541 4638 630 4695 mirari,
644 4639 689 4695 rel.
700 4640 785 4688 nonin
818 4648 926 4687 vereatur
935 4647 972 4689 ert
981 4641 1119 4695 Anacreon,
1143 4639 1189 4687 uod
1199 4638 1304 4688 suaviter
1312 4655 1377 4689 nune

224 4718 299 4753 crura
315 4713 353 4754 eet
369 4704 449 4753 mollia
466 4702 559 4761 inertie,
578 4722 640 4761 nom,
656 4711 713 4753 cett.
747 4704 787 4752 Me
805 4703 901 4817 ²tribuit
922 4704 976 4769 ejus
994 4703 1084 4761 animo,
1105 4720 1118 4752 ν
1150 4703 1269 4754 amentius
1291 4704 1378 4752 amoris

781 4786 796 4817 τ
