3659 5892
682 516 849 586 LIBER
872 518 918 597 11,
944 522 973 585 1.
1340 524 1406 589 369

336 670 508 756 Optimum
522 681 613 751 erat3
636 694 748 737 verum
763 692 891 756 nequeo
906 672 1059 739 dormire.
1104 671 1175 738 Ter
1189 675 1280 740 uncti

335 772 545 839 Transnanto
560 774 720 853 Tiberim,
737 798 849 841 somno
864 777 985 860 quibus
1000 787 1052 841 est
1067 798 1150 860 opus
1165 776 1243 855 alto,

336 876 564 961 lrriguumque
579 900 669 943 mero
685 879 747 944 sub
761 889 889 943 noctem
904 901 1025 964 corpus
1040 878 1195 944 habento.

275 980 314 1044 10
335 976 417 1055 Aut,
434 980 462 1043 si
477 989 587 1045 tantus
603 1002 693 1045 amor
708 981 873 1047 scribendi
888 992 921 1047 tc
936 984 1034 1069 rapit,
1049 981 1135 1047 aude

335 1081 476 1145 Caesaris
491 1082 602 1148 invicti
617 1104 669 1148 res
685 1083 807 1160 dicere,
822 1083 924 1148 multa
938 1083 1088 1149 laborum

336 1182 475 1249 Proemia
488 1184 626 1249 laturus.
672 1185 849 1270 Cupidum,
863 1196 960 1271 pater
974 1186 1107 1270 optime,
1123 1185 1208 1251 vires

335 1284 523 1352 Deficiunt:
547 1309 653 1373 neque
668 1288 754 1352 enim
769 1290 874 1373 quivis
889 1288 1057 1355 horrentia
1070 1286 1147 1372 pilis

334 1386 488 1473 Agmina,
503 1412 564 1455 nec
579 1388 683 1455 fracta
696 1400 872 1475 pereuntes
888 1390 1026 1475 cuspide
1042 1388 1170 1467 Gallos,

273 1488 313 1554 15
334 1488 406 1555 Aut
419 1491 560 1558 labentis
575 1514 660 1577 equo
675 1492 833 1559 describit
847 1492 983 1558 vulnera
997 1490 1124 1557 Parthi.

332 1591 490 1659 Attamen
504 1605 538 1660 et
548 1595 674 1680 justum
689 1606 821 1680 poteras
837 1605 871 1662 et
885 1596 1029 1663 scribere
1045 1593 1183 1660 fortem:

333 1694 521 1781 Scipiadam
535 1708 573 1761 ut
588 1698 718 1782 sapiens
734 1697 892 1763 Lucilius.
940 1697 1043 1761 Haud
1058 1696 1138 1761 mihi
1153 1697 1265 1774 deero,

333 1797 446 1872 Quum
459 1820 512 1865 res
527 1798 600 1884 ipsa
614 1797 707 1864 feret.
753 1800 831 1866 Nisi
846 1801 965 1867 dextro
979 1811 1126 1886 tempore
1141 1798 1253 1866 Flacci

331 1898 446 1965 Verba
461 1923 521 1987 per
535 1912 693 1967 attentam
707 1926 773 1967 non
787 1904 882 1968 ibunt
897 1903 1039 1968 Caesaris
1054 1926 1186 1983 aurem3

267 2002 311 2067 20
333 2001 397 2067 Cui
411 2003 493 2069 male
509 2005 537 2069 si
550 2003 695 2090 palpere,
711 2005 895 2073 recalcitret
910 2006 1056 2090 undique
1071 2015 1173 2071 tutus.

332 2105 467 2179 Quanto
480 2107 602 2172 rectius
617 2106 692 2185 hoc,
707 2130 804 2193 quam
820 2108 906 2172 tristi
920 2108 1041 2175 laedere
1055 2130 1153 2173 versu

332 2206 550 2274 Pantolabum
565 2230 720 2287 scurram,
736 2209 1045 2296 Nomentanumque
1061 2212 1231 2296 nepotem!

332 2310 444 2384 Quum
460 2311 522 2375 sibi
537 2311 675 2395 quisque
691 2312 793 2390 timet,
809 2334 1005 2397 quamquam
1018 2323 1070 2377 est
1084 2314 1236 2388 intactus,
1251 2320 1286 2377 et
1301 2310 1381 2376 odit.

332 2412 424 2485 Quid
440 2412 579 2477 faciam?
604 2413 700 2478 saltat
715 2413 883 2491 Milonius,
899 2425 936 2478 ut
950 2414 1049 2479 semel
1064 2415 1130 2479 icto

267 2516 311 2579 25
332 2513 484 2581 Accessit
499 2513 606 2579 fervor
620 2516 731 2600 capiti,
747 2538 966 2599 numerusque
983 2515 1135 2581 lucernis.

333 2617 451 2681 Castor
465 2617 588 2701 gaudet
601 2619 705 2703 equis,
721 2642 782 2683 ovo
797 2630 978 2704 prognatus
992 2619 1109 2683 eodem

332 2718 457 2803 Pugnis
469 2746 478 2796 3
502 2729 582 2802 quot
596 2722 740 2805 capitum
754 2720 875 2799 vivunt,
890 2721 1026 2785 totidem
1041 2722 1225 2787 studiorum

245 2905 356 2955 solebant
370 2864 476 3035 cplppra.
509 2904 549 2955 Sic
567 2905 665 2955 Cleobis
683 2914 708 2955 et
718 2906 801 2963 Biton,
834 2911 859 2955 et
875 2905 936 2954 leno
953 2904 1060 2971 ejusdem
1073 2903 1229 2971 longitudinis
1240 2906 1336 2963 muniti,
1348 2905 1397 2956 vid.

245 2980 372 3034 anteqnem
442 2986 515 3035 ugum
533 2970 615 3019 matris
630 2969 801 3021 inlanumve·
835 2970 1041 3020 Heindori.adb.
1053 2970 1070 3019 1.
1105 2972 1218 3021 Ceterum
1236 2971 1352 3019 Horatius
1370 2972 1396 3019 in

245 3036 330 3087 bande
345 3050 419 3085 causa
434 3034 589 3092 accedebant,
600 3040 745 3108 osnepcsita
755 3038 803 3085 oisc
835 3034 880 3084 boc
899 3034 952 3101 ipso
969 3034 1030 3090 loco,
1047 3034 1089 3109 ubi
1104 3050 1130 3085 se
1145 3034 1177 3083 ad
1191 3050 1287 3085 carmen
1300 3034 1396 3100 epicum

243 3117 337 3213 perpera
348 3103 479 3213 perpipcissc
489 3102 616 3149 dicuntur.-
638 3100 693 3149 Cre.
709 3100 802 3160 Quasi.
834 3098 1026 3213 pompouendulrp
1037 3096 1285 3214 viripustdesttiputum
1300 3100 1395 3213 prolite-

267 3180 346 3285 lifoi
358 3180 518 3279 inm'nnu:
534 3225 557 3277 te
575 3227 759 3287 sternutus,
775 3237 803 3279 ut
835 3179 1000 3277 siddim
1017 3174 1077 3230 ‘³¹¹⁰‘
1094 3180 1131 3215 ω’
1149 3180 1194 3230 ⁹⁰⁹
1226 3180 1295 3232 ‘⁹⁸⁰⁰
1322 3180 1384 3229 ’ἔω

242 3292 437 3359 jurisconsultus,
455 3294 535 3357 legum
552 3246 659 3341 Amulii
676 3292 801 3351 adsuetus,
868 3294 973 3343 16-18.
991 3292 1093 3352 Putem,
1104 3310 1159 3358 que
1174 3302 1241 3343 recta
1257 3303 1282 3343 et
1297 3292 1398 3342 honesta

243 3358 303 3424 qnid
314 3357 448 3408 tuendum
461 3358 494 3407 sit
510 3357 619 3415 lloratio,
628 3357 654 3405 in
663 3358 802 3425 imperativo
835 3368 892 3407 sunt
923 3368 1019 3407 strenue
1084 3368 1214 3423 regentem.
1265 3359 1398 3419 Scipiadam

243 3422 385 3489 prescribit.
427 3424 593 3487 irriganturque
621 3440 682 3471 mero
706 3440 802 3485 corpus,¹
837 3424 947 3487 (Graece,
960 3430 987 3469 ut
1001 3437 1048 3487 apu
1076 3423 1219 3487 virg-Geo-
1230 3422 1396 3479 ii,170‚AEn.

244 3504 309 3545 nam,
321 3488 362 3553 qui
374 3488 429 3537 sino
440 3489 545 3543 madent,
555 3486 626 3536 iacile
638 3502 653 3535 a
664 3502 747 3537 somno
757 3503 800 3553 op·
833 3486 865 3543 ri,
885 3488 943 3542 ets,
956 3501 1005 3551 pro,
1018 3488 1200 3549 Scipioniaden)
1214 3484 1323 3550 intelligo
1343 3485 1396 3535 Sci·

243 3552 312 3617 primi
330 3553 415 3601 solent.
447 3554 558 3603 Cetenrm
579 3551 624 3601 boc
644 3550 728 3601 datum
750 3552 802 3602 Ho-
834 3552 930 3617 pionem
947 3549 1090 3599 Africanum
1107 3552 1230 3608 minorem,
1242 3550 1314 3615 cujus
1330 3549 1396 3599 baud

244 3618 303 3666 ratio
324 3616 452 3667 consilium
472 3616 534 3665 bene
559 3616 686 3682 respondet
707 3615 804 3681 ingenio
835 3617 959 3689 vulgarem
970 3630 1026 3663 curn
1039 3615 1115 3663 Laelio
1126 3615 1256 3663 amicitiam
1266 3614 1397 3664 celebrarit
1491 3643 1496 3656 ·

243 3682 357 3737 Trebatii,
368 3697 440 3747 quem
452 3690 477 3731 et
492 3681 590 3731 natandi
605 3680 804 3731 studiosissimum
837 3680 924 3731 Cicero
941 3696 966 3727 ru
978 3695 1085 3729 sermone
1101 3678 1131 3729 de
1143 3679 1268 3729 Amicitia.
1301 3679 1396 3740 Sapiens

243 3756 268 3795 et
289 3746 379 3795 bonum
400 3746 450 3795 vini
472 3754 577 3811 potorem
598 3746 671 3795 luisse
693 3762 723 3797 ex
746 3746 801 3797 Cic.
834 3746 951 3800 Lucilius,
985 3744 1025 3792 uia
1044 3743 1163 3809 sapienter
1182 3743 1256 3793 vitam
1276 3742 1397 3809 Scipionis

245 3810 323 3876 Epist.
332 3810 373 3869 vii,
387 3814 417 3859 10
428 3820 452 3859 et
462 3812 494 3858 22
505 3808 628 3859 discimus.
833 3810 878 3859 sibi
896 3808 975 3857 deseri
1007 3808 1077 3857 ndarn
1096 3808 1191 3857 sumsit.
1225 3808 1282 3858 Vet.
1304 3807 1396 3865 Sebol„

278 3877 317 3924 ll.
331 3876 440 3925 Ceteris:
452 3874 487 3924 sic
499 3872 648 3923 Octavianus
659 3873 690 3923 ab
702 3874 801 3923 Horatio
834 3874 941 3923 Lucilius
960 3876 1031 3921 uitam
1041 3875 1154 3935 Scipionis
1164 3876 1281 3937 pdoetest
1293 3875 1395 3935 descrip-

244 3939 268 3987 ln
280 3940 372 3997 Satiris,
386 3938 463 4004 Epod.
474 3948 499 3988 et
509 3938 552 3986 lib.
563 3938 632 4004 prim.
644 3939 693 3987 Od.
705 3940 748 4003 (ui
758 3941 801 3989 ob·
834 3940 970 3997 sit‚Ennius
989 3954 1040 3985 cero
1057 3940 1127 3987 bella.
1162 3938 1236 3987 lluud
1252 3938 1309 3985 mite·
1330 3940 1396 3985 deero

244 4014 322 4054 servat
335 4004 462 4055 Bentleius
480 4004 505 4053 in
522 4003 613 4067 prelat.
629 4002 660 4053 ad
674 4004 747 4067 Hor.)
761 4021 801 4053 vo·
835 4008 875 4067 (ut
895 4018 950 4067 sup.
970 4001 988 4057 i,
1005 4004 1031 4058 9,
1050 4004 1106 4060 55),
1124 4002 1150 4051 id
1165 4001 1278 4066 equidem
1297 4001 1395 4051 faciam.

243 4078 312 4119 catur
322 4086 330 4129 ;
346 4084 402 4119 nam
416 4066 520 4133 Augusti
532 4083 618 4117 nornen
629 4084 692 4117 anno
703 4067 800 4117 demum
834 4067 883 4127 Qui
896 4083 944 4115 non
962 4066 1062 4130 negligit
1075 4068 1151 4117 lacere
1167 4066 1232 4133 quod
1249 4082 1291 4132 pro
1304 4065 1395 4115 viribus

244 4133 660 4183 cccxxvusssumsitOetavienus:
674 4132 801 4183 DioCsss.
834 4134 909 4183 iacere
920 4140 1007 4196 potest,
1022 4131 1044 4179 is
1059 4131 1105 4179 sibi
1120 4147 1168 4179 non
1181 4130 1257 4180 deest.
1290 4130 1396 4179 Cumrer

243 4198 287 4254 liii,
301 4200 340 4247 16.
833 4197 963 4308 ipsup'crct,
975 4210 1030 4245 cum
1049 4195 1102 4261 ipsa
1118 4195 1194 4261 bujus
1207 4195 1242 4245 rei
1253 4194 1396 4261 peragend-

279 4264 318 4311 le.
349 4263 474 4313 Horreatiu
494 4263 550 4325 pilis
570 4264 682 4326 Agmine,
703 4261 801 4326 agmina
833 4278 885 4313 seo
903 4268 993 4325 eretop
1025 4260 1135 4309 rtuuitas.

243 4326 344 4390 rigentia
358 4327 413 4392 pilis
429 4326 544 4393 protensis
560 4327 597 4375 vel
612 4326 637 4375 in
650 4326 725 4377 altum
736 4342 801 4375 erec·
868 4327 974 4375 18—20.
1010 4325 1136 4373 'isidertro
1150 4333 1255 4386 tempore.
1288 4326 1393 4371 Sensus:

243 4391 291 4449 tis;
308 4392 343 4441 sic
359 4392 447 4457 passim
462 4392 579 4441 umentia
593 4409 668 4449 arum,
687 4393 802 4440 horrentes
835 4390 890 4439 Nisi
904 4391 969 4441 enim
984 4404 1080 4437 carmen
1091 4403 1105 4436 e
1117 4405 1156 4438 me
1171 4387 1328 4453 compositum
1339 4387 1394 4437 Au-

243 4458 312 4505 leste
335 4456 420 4522 (Virg.
442 4458 503 4507 AEu·
531 4474 556 4513 x,
586 4456 656 4519 178),
685 4456 801 4505 terrunci
834 4462 904 4529 gusto
927 4454 1032 4503 tradetur
1052 4462 1185 4521 opportuno
1207 4462 1323 4518 tempore,
1345 4468 1396 4517 quo

243 4538 317 4577 come,
329 4530 386 4571 cett.
833 4518 894 4569 rllud
903 4528 994 4567 attento
1004 4518 1084 4567 animo
1093 4519 1171 4582 legere
1183 4517 1266 4583 possit,
1276 4517 1298 4565 is
1309 4518 1395 4580 (andi-

279 4587 317 4633 11.
335 4587 422 4635 Fracta
440 4588 533 4648 crepido
538 4604 547 4644 ‚·
568 4584 720 4649 frangebatur
734 4584 799 4634 enim
831 4601 874 4646 que
890 4585 972 4646 tutus)
988 4584 1020 4630 ab
1036 4583 1102 4631 omni
1117 4590 1183 4649 parts
1202 4589 1287 4631 contra
1303 4580 1395 4629 aditum

242 4649 324 4699 emissi
343 4651 386 4725 pili
406 4649 471 4700 cus'
504 4650 529 4701 iu
546 4664 642 4715 corpore
657 4648 750 4699 delira:
769 4647 800 4698 de
832 4647 983 4697 adulatorum
1002 4645 1119 4705 munitus,
1142 4661 1239 4696 samen
1259 4645 1293 4693 im
1324 4653 1395 4693 nuno

244 4714 318 4763 torma
329 4714 380 4781 pili,
390 4714 451 4765 besti
463 4714 566 4779 islignei
576 4714 648 4765 trium
656 4714 799 4771 cubitorum,
832 4722 937 4779 ternpore
948 4727 963 4761 a
973 4728 1012 4763 me
1026 4710 1141 4761 traditum
1157 4710 1257 4777 rejiciet.
1328 4725 1397 4775 mps-
