<?xml version="1.0" encoding="UTF-8"?>
<!DOCTYPE html PUBLIC "-//W3C//DTD XHTML 1.0 Transitional//EN"
    "http://www.w3.org/TR/xhtml1/DTD/xhtml1-transitional.dtd">
<html xmlns="http://www.w3.org/1999/xhtml" xml:lang="en" lang="en">
 <head>
  <title>
</title>
<meta http-equiv="Content-Type" content="text/html;charset=utf-8" />
  <meta name='ocr-system' content='tesseract 3.04.00' />
  <meta name='ocr-capabilities' content='ocr_page ocr_carea ocr_par ocr_line ocrx_word'/>
</head>
<body>
  <div class='ocr_page' id='page_1' title='image "./qhoratiiflaccio01drgoog_0525.png"; bbox 0 0 3659 5892; ppageno 0'>
   <div class='ocr_carea' id='block_1_1' title="bbox 588 547 1357 631">
    <p class='ocr_par' dir='ltr' id='par_1_1' title="bbox 588 547 1357 631">
     <span class='ocr_line' id='line_1_1' title="bbox 588 547 1357 631; baseline 0.003 -14"><span class='ocrx_word' id='word_1_1' title='bbox 588 547 592 554; x_wconf 69' lang='grc'><strong>’</strong></span> <span class='ocrx_word' id='word_1_2' title='bbox 638 550 805 618; x_wconf 86' lang='lat' dir='ltr'><strong>LIBER</strong></span> <span class='ocrx_word' id='word_1_3' title='bbox 827 553 856 631; x_wconf 89' lang='lat'><strong>1,</strong></span> <span class='ocrx_word' id='word_1_4' title='bbox 882 555 932 618; x_wconf 88' lang='grc'><strong>17.</strong></span> <span class='ocrx_word' id='word_1_5' title='bbox 1294 556 1357 619; x_wconf 78' lang='grc'><strong>’488</strong></span> 
     </span>
    </p>
   </div>
   <div class='ocr_carea' id='block_1_2' title="bbox 222 703 1305 1494">
    <p class='ocr_par' dir='ltr' id='par_1_2' title="bbox 222 703 1305 1494">
     <span class='ocr_line' id='line_1_2' title="bbox 289 703 1081 791; baseline 0.004 -22"><span class='ocrx_word' id='word_1_6' title='bbox 289 703 440 769; x_wconf 82' lang='lat' dir='ltr'><strong>Annonae</strong></span> <span class='ocrx_word' id='word_1_7' title='bbox 455 705 577 788; x_wconf 89' lang='lat' dir='ltr'><strong>prosit;</strong></span> <span class='ocrx_word' id='word_1_8' title='bbox 600 716 711 788; x_wconf 88' lang='lat' dir='ltr'><strong>portet</strong></span> <span class='ocrx_word' id='word_1_9' title='bbox 724 705 886 770; x_wconf 87' lang='lat' dir='ltr'><strong>frumenta</strong></span> <span class='ocrx_word' id='word_1_10' title='bbox 900 704 1081 791; x_wconf 76' lang='lat' dir='ltr'><strong>penusque.</strong></span> 
     </span>
     <span class='ocr_line' id='line_1_3' title="bbox 289 806 1147 890; baseline 0 -19"><span class='ocrx_word' id='word_1_11' title='bbox 289 806 352 871; x_wconf 87' lang='lat' dir='ltr'><strong>Vir</strong></span> <span class='ocrx_word' id='word_1_12' title='bbox 365 808 472 872; x_wconf 87' lang='lat' dir='ltr'><strong>bonus</strong></span> <span class='ocrx_word' id='word_1_13' title='bbox 487 817 521 871; x_wconf 88' lang='lat' dir='ltr'><strong>et</strong></span> <span class='ocrx_word' id='word_1_14' title='bbox 536 806 665 890; x_wconf 82' lang='lat' dir='ltr'><strong>sapiens</strong></span> <span class='ocrx_word' id='word_1_15' title='bbox 679 806 815 872; x_wconf 82' lang='lat' dir='ltr'><strong>audebit</strong></span> <span class='ocrx_word' id='word_1_16' title='bbox 830 808 959 874; x_wconf 86' lang='lat' dir='ltr'>dicere:</span> <span class='ocrx_word' id='word_1_17' title='bbox 985 808 1147 884; x_wconf 88' lang='lat' dir='ltr'><strong>Pentheu,</strong></span> 
     </span>
     <span class='ocr_line' id='line_1_4' title="bbox 289 906 1102 996; baseline 0.002 -23"><span class='ocrx_word' id='word_1_18' title='bbox 289 906 414 973; x_wconf 86' lang='lat' dir='ltr'><strong>Rector</strong></span> <span class='ocrx_word' id='word_1_19' title='bbox 428 908 630 985; x_wconf 81' lang='lat' dir='ltr'>Thebarum,</span> <span class='ocrx_word' id='word_1_20' title='bbox 646 908 727 992; x_wconf 92' lang='lat' dir='ltr'><strong>quid</strong></span> <span class='ocrx_word' id='word_1_21' title='bbox 741 930 792 973; x_wconf 93' lang='lat' dir='ltr'><strong>me</strong></span> <span class='ocrx_word' id='word_1_22' title='bbox 807 908 952 993; x_wconf 87' lang='lat' dir='ltr'><strong>perferre</strong></span> <span class='ocrx_word' id='word_1_23' title='bbox 967 908 1102 996; x_wconf 84' lang='lat' dir='ltr'><strong>pa&#39;tique</strong></span> 
     </span>
     <span class='ocr_line' id='line_1_5' title="bbox 222 1007 1305 1097; baseline 0.005 -26"><span class='ocrx_word' id='word_1_24' title='bbox 222 1008 265 1072; x_wconf 80' lang='lat'><strong>75</strong></span> <span class='ocrx_word' id='word_1_25' title='bbox 286 1007 461 1094; x_wconf 82' lang='lat' dir='ltr'><strong>Indignum</strong></span> <span class='ocrx_word' id='word_1_26' title='bbox 475 1012 598 1094; x_wconf 67' lang='lat' dir='ltr'><strong>coges?</strong></span> <span class='ocrx_word' id='word_1_27' title='bbox 642 1007 795 1074; x_wconf 86' lang='lat' dir='ltr'><strong>Adimam</strong></span> <span class='ocrx_word' id='word_1_28' title='bbox 808 1012 907 1075; x_wconf 90' lang='lat' dir='ltr'><strong>bona.</strong></span> <span class='ocrx_word' id='word_1_29' title='bbox 953 1010 1083 1096; x_wconf 82' lang='lat' dir='ltr'>Nempe</span> <span class='ocrx_word' id='word_1_30' title='bbox 1097 1032 1210 1097; x_wconf 85' lang='lat' dir='ltr'><strong>pecus,</strong></span> <span class='ocrx_word' id='word_1_31' title='bbox 1227 1034 1305 1089; x_wconf 91' lang='lat' dir='ltr'><strong>rem,</strong></span> 
     </span>
     <span class='ocr_line' id='line_1_6' title="bbox 286 1110 1124 1196; baseline -0.001 -20"><span class='ocrx_word' id='word_1_32' title='bbox 286 1110 417 1188; x_wconf 84' lang='lat' dir='ltr'><strong>Lectos,</strong></span> <span class='ocrx_word' id='word_1_33' title='bbox 433 1120 620 1196; x_wconf 82' lang='lat' dir='ltr'><strong>argentum:</strong></span> <span class='ocrx_word' id='word_1_34' title='bbox 643 1110 738 1175; x_wconf 75' lang='lat' dir='ltr'><strong>tollas</strong></span> <span class='ocrx_word' id='word_1_35' title='bbox 751 1111 837 1176; x_wconf 87' lang='lat' dir='ltr'><strong>licet.</strong></span> <span class='ocrx_word' id='word_1_36' title='bbox 883 1111 923 1177; x_wconf 93' lang='lat' dir='ltr'><strong>In</strong></span> <span class='ocrx_word' id='word_1_37' title='bbox 938 1112 1073 1178; x_wconf 88' lang='lat' dir='ltr'><strong>manicis</strong></span> <span class='ocrx_word' id='word_1_38' title='bbox 1090 1122 1124 1176; x_wconf 88' lang='lat' dir='ltr'><strong>et</strong></span> 
     </span>
     <span class='ocr_line' id='line_1_7' title="bbox 287 1211 1034 1298; baseline 0.004 -22"><span class='ocrx_word' id='word_1_39' title='bbox 287 1211 508 1298; x_wconf 78' lang='lat' dir='ltr'><strong>Compedibus</strong></span> <span class='ocrx_word' id='word_1_40' title='bbox 524 1234 611 1277; x_wconf 83' lang='lat' dir='ltr'><strong>saevo</strong></span> <span class='ocrx_word' id='word_1_41' title='bbox 626 1224 659 1277; x_wconf 84' lang='lat' dir='ltr'><strong>te</strong></span> <span class='ocrx_word' id='word_1_42' title='bbox 674 1213 737 1278; x_wconf 88' lang='lat' dir='ltr'><strong>sub</strong></span> <span class='ocrx_word' id='word_1_43' title='bbox 752 1214 889 1279; x_wconf 85' lang='lat' dir='ltr'><strong>custode</strong></span> <span class='ocrx_word' id='word_1_44' title='bbox 905 1216 1034 1279; x_wconf 81' lang='lat' dir='ltr'><strong>tenebo.</strong></span> 
     </span>
     <span class='ocr_line' id='line_1_8' title="bbox 286 1308 1201 1401; baseline 0.001 -23"><span class='ocrx_word' id='word_1_45' title='bbox 286 1313 362 1399; x_wconf 86' lang='lat' dir='ltr'><strong>Ipse</strong></span> <span class='ocrx_word' id='word_1_46' title='bbox 376 1315 482 1392; x_wconf 85' lang='lat' dir='ltr'><strong>Deus,</strong></span> <span class='ocrx_word' id='word_1_47' title='bbox 498 1308 691 1398; x_wconf 79' lang='lat' dir='ltr'><strong>simulatque</strong></span> <span class='ocrx_word' id='word_1_48' title='bbox 705 1313 820 1392; x_wconf 88' lang='lat' dir='ltr'><strong>volam,</strong></span> <span class='ocrx_word' id='word_1_49' title='bbox 836 1338 888 1380; x_wconf 90' lang='lat' dir='ltr'><strong>me</strong></span> <span class='ocrx_word' id='word_1_50' title='bbox 904 1316 1017 1380; x_wconf 85' lang='lat' dir='ltr'><strong>solvet.</strong></span> <span class='ocrx_word' id='word_1_51' title='bbox 1063 1316 1201 1401; x_wconf 91' lang='lat' dir='ltr'><strong>Opinor,</strong></span> 
     </span>
     <span class='ocr_line' id='line_1_9' title="bbox 286 1414 1192 1494; baseline 0 -14"><span class='ocrx_word' id='word_1_52' title='bbox 286 1415 361 1481; x_wconf 91' lang='lat' dir='ltr'><strong>Hoc</strong></span> <span class='ocrx_word' id='word_1_53' title='bbox 376 1416 491 1480; x_wconf 86' lang='lat' dir='ltr'><strong>sentit:</strong></span> <span class='ocrx_word' id='word_1_54' title='bbox 515 1414 658 1494; x_wconf 87' lang='lat' dir='ltr'><strong>Moriar;</strong></span> <span class='ocrx_word' id='word_1_55' title='bbox 681 1436 768 1480; x_wconf 84' lang='lat' dir='ltr'><strong>mors</strong></span> <span class='ocrx_word' id='word_1_56' title='bbox 782 1414 896 1480; x_wconf 88' lang='lat' dir='ltr'><strong>ultima</strong></span> <span class='ocrx_word' id='word_1_57' title='bbox 910 1416 996 1483; x_wconf 88' lang='lat' dir='ltr'><strong>linea</strong></span> <span class='ocrx_word' id='word_1_58' title='bbox 1010 1438 1117 1486; x_wconf 88' lang='lat' dir='ltr'><strong>rerum</strong></span> <span class='ocrx_word' id='word_1_59' title='bbox 1131 1429 1192 1482; x_wconf 85' lang='lat' dir='ltr'><strong>est.</strong></span> 
     </span>
    </p>
   </div>
   <div class='ocr_carea' id='block_1_3' title="bbox 583 1720 963 1789">
    <p class='ocr_par' dir='ltr' id='par_1_3' title="bbox 583 1720 963 1789">
     <span class='ocr_line' id='line_1_10' title="bbox 583 1720 963 1789; baseline 0.008 -5"><span class='ocrx_word' id='word_1_60' title='bbox 583 1720 825 1787; x_wconf 86' lang='lat' dir='ltr'><strong>EPISTOLA</strong></span> <span class='ocrx_word' id='word_1_61' title='bbox 848 1723 963 1789; x_wconf 90' lang='lat' dir='ltr'><strong>XVII.</strong></span> 
     </span>
    </p>
   </div>
   <div class='ocr_carea' id='block_1_4' title="bbox 617 1948 931 1999">
    <p class='ocr_par' dir='ltr' id='par_1_4' title="bbox 617 1948 931 1999">
     <span class='ocr_line' id='line_1_11' title="bbox 617 1948 931 1999; baseline 0.006 -2"><span class='ocrx_word' id='word_1_62' title='bbox 617 1952 681 1997; x_wconf 82' lang='lat' dir='ltr'><strong>AD</strong></span> <span class='ocrx_word' id='word_1_63' title='bbox 713 1948 931 1999; x_wconf 79' lang='lat' dir='ltr'><strong>scAEVAM.</strong></span> 
     </span>
    </p>
   </div>
   <div class='ocr_carea' id='block_1_5' title="bbox 227 2127 1204 2723">
    <p class='ocr_par' dir='ltr' id='par_1_5' title="bbox 282 2127 1182 2211">
     <span class='ocr_line' id='line_1_12' title="bbox 282 2127 1182 2211; baseline 0 -20"><span class='ocrx_word' id='word_1_64' title='bbox 282 2128 452 2205; x_wconf 65' lang='lat' dir='ltr'><strong>Qunnns,</strong></span> <span class='ocrx_word' id='word_1_65' title='bbox 469 2128 592 2205; x_wconf 81' lang='lat' dir='ltr'><strong>Scaeva,</strong></span> <span class='ocrx_word' id='word_1_66' title='bbox 609 2129 688 2191; x_wconf 81' lang='lat' dir='ltr'><strong>satis</strong></span> <span class='ocrx_word' id='word_1_67' title='bbox 702 2148 762 2211; x_wconf 92' lang='lat' dir='ltr'><strong>per</strong></span> <span class='ocrx_word' id='word_1_68' title='bbox 776 2140 810 2192; x_wconf 94' lang='lat' dir='ltr'><strong>te</strong></span> <span class='ocrx_word' id='word_1_69' title='bbox 826 2129 885 2192; x_wconf 90' lang='lat' dir='ltr'><strong>tibi</strong></span> <span class='ocrx_word' id='word_1_70' title='bbox 900 2127 1055 2205; x_wconf 89' lang='lat' dir='ltr'><strong>consulis,</strong></span> <span class='ocrx_word' id='word_1_71' title='bbox 1070 2138 1103 2193; x_wconf 88' lang='lat' dir='ltr'><strong>et</strong></span> <span class='ocrx_word' id='word_1_72' title='bbox 1119 2128 1182 2194; x_wconf 89' lang='lat' dir='ltr'><strong>scis</strong></span> 
     </span>
    </p>

    <p class='ocr_par' dir='ltr' id='par_1_6' title="bbox 281 2228 1021 2314">
     <span class='ocr_line' id='line_1_13' title="bbox 281 2228 1021 2314; baseline -0.001 -20"><span class='ocrx_word' id='word_1_73' title='bbox 281 2230 358 2303; x_wconf 85' lang='lat' dir='ltr'><strong>Quo</strong></span> <span class='ocrx_word' id='word_1_74' title='bbox 373 2230 504 2294; x_wconf 80' lang='lat' dir='ltr'><strong>tandem</strong></span> <span class='ocrx_word' id='word_1_75' title='bbox 519 2238 616 2313; x_wconf 85' lang='lat' dir='ltr'><strong>pacto</strong></span> <span class='ocrx_word' id='word_1_76' title='bbox 631 2228 747 2293; x_wconf 89' lang='lat' dir='ltr'><strong>deceat</strong></span> <span class='ocrx_word' id='word_1_77' title='bbox 761 2230 938 2314; x_wconf 87' lang='lat' dir='ltr'><strong>majoribus</strong></span> <span class='ocrx_word' id='word_1_78' title='bbox 954 2230 1021 2309; x_wconf 72' lang='lat' dir='ltr'><strong>uti,</strong></span> 
     </span>
    </p>

    <p class='ocr_par' dir='ltr' id='par_1_7' title="bbox 279 2329 1193 2413">
     <span class='ocr_line' id='line_1_14' title="bbox 279 2329 1193 2413; baseline 0 -18"><span class='ocrx_word' id='word_1_79' title='bbox 279 2330 392 2409; x_wconf 83' lang='lat' dir='ltr'><strong>Disce,</strong></span> <span class='ocrx_word' id='word_1_80' title='bbox 408 2332 576 2397; x_wconf 87' lang='lat' dir='ltr'><strong>docendus</strong></span> <span class='ocrx_word' id='word_1_81' title='bbox 590 2330 699 2395; x_wconf 79' lang='lat' dir='ltr'><strong>adhuc</strong></span> <span class='ocrx_word' id='word_1_82' title='bbox 714 2352 788 2413; x_wconf 76' lang='lat' dir='ltr'><strong>qum</strong></span> <span class='ocrx_word' id='word_1_83' title='bbox 803 2342 915 2395; x_wconf 88' lang='lat' dir='ltr'><strong>censet</strong></span> <span class='ocrx_word' id='word_1_84' title='bbox 929 2329 1097 2407; x_wconf 88' lang='lat' dir='ltr'><strong>amiculus,</strong></span> <span class='ocrx_word' id='word_1_85' title='bbox 1114 2342 1151 2394; x_wconf 91' lang='lat' dir='ltr'><strong>ut</strong></span> <span class='ocrx_word' id='word_1_86' title='bbox 1167 2333 1193 2395; x_wconf 89' lang='lat' dir='ltr'><strong>si</strong></span> 
     </span>
    </p>

    <p class='ocr_par' dir='ltr' id='par_1_8' title="bbox 227 2432 1204 2620">
     <span class='ocr_line' id='line_1_15' title="bbox 280 2432 1204 2518; baseline 0.001 -21"><span class='ocrx_word' id='word_1_87' title='bbox 280 2432 396 2498; x_wconf 78' lang='lat' dir='ltr'><strong>Caecus</strong></span> <span class='ocrx_word' id='word_1_88' title='bbox 410 2435 474 2498; x_wconf 90' lang='lat' dir='ltr'><strong>iter</strong></span> <span class='ocrx_word' id='word_1_89' title='bbox 486 2443 667 2499; x_wconf 87' lang='lat' dir='ltr'><strong>monstrare</strong></span> <span class='ocrx_word' id='word_1_90' title='bbox 680 2432 773 2498; x_wconf 84' lang='lat' dir='ltr'><strong>velit:</strong></span> <span class='ocrx_word' id='word_1_91' title='bbox 798 2443 905 2497; x_wconf 82' lang='lat' dir='ltr'><strong>temen</strong></span> <span class='ocrx_word' id='word_1_92' title='bbox 921 2433 1065 2518; x_wconf 83' lang='lat' dir='ltr'><strong>adspice,</strong></span> <span class='ocrx_word' id='word_1_93' title='bbox 1083 2434 1109 2496; x_wconf 88' lang='lat' dir='ltr'><strong>si</strong></span> <span class='ocrx_word' id='word_1_94' title='bbox 1125 2434 1204 2518; x_wconf 88' lang='lat' dir='ltr'><strong>quid</strong></span> 
     </span>
     <span class='ocr_line' id='line_1_16' title="bbox 227 2534 1148 2620; baseline 0 -23"><span class='ocrx_word' id='word_1_95' title='bbox 227 2535 248 2597; x_wconf 84' lang='lat'><em>5</em></span> <span class='ocrx_word' id='word_1_96' title='bbox 281 2534 327 2597; x_wconf 87' lang='lat' dir='ltr'><strong>Et</strong></span> <span class='ocrx_word' id='word_1_97' title='bbox 342 2558 413 2609; x_wconf 87' lang='lat' dir='ltr'><strong>nos,</strong></span> <span class='ocrx_word' id='word_1_98' title='bbox 427 2535 517 2620; x_wconf 89' lang='lat' dir='ltr'><strong>quod</strong></span> <span class='ocrx_word' id='word_1_99' title='bbox 531 2556 626 2600; x_wconf 87' lang='lat' dir='ltr'><strong>cures</strong></span> <span class='ocrx_word' id='word_1_100' title='bbox 641 2536 810 2619; x_wconf 89' lang='lat' dir='ltr'><strong>proprium</strong></span> <span class='ocrx_word' id='word_1_101' title='bbox 824 2534 953 2612; x_wconf 82' lang='lat' dir='ltr'><strong>fecisse,</strong></span> <span class='ocrx_word' id='word_1_102' title='bbox 969 2534 1148 2619; x_wconf 85' lang='lat' dir='ltr'><strong>loquamur.</strong></span> 
     </span>
    </p>

    <p class='ocr_par' dir='ltr' id='par_1_9' title="bbox 278 2635 1099 2723">
     <span class='ocr_line' id='line_1_17' title="bbox 278 2635 1099 2723; baseline 0.002 -24"><span class='ocrx_word' id='word_1_103' title='bbox 278 2635 315 2699; x_wconf 91' lang='lat' dir='ltr'><strong>Si</strong></span> <span class='ocrx_word' id='word_1_104' title='bbox 330 2647 362 2701; x_wconf 85' lang='lat' dir='ltr'><strong>te</strong></span> <span class='ocrx_word' id='word_1_105' title='bbox 376 2648 471 2721; x_wconf 83' lang='lat' dir='ltr'><strong>grate</strong></span> <span class='ocrx_word' id='word_1_106' title='bbox 484 2638 578 2723; x_wconf 87' lang='lat' dir='ltr'><strong>quies</strong></span> <span class='ocrx_word' id='word_1_107' title='bbox 593 2646 627 2702; x_wconf 89' lang='lat' dir='ltr'><strong>et</strong></span> <span class='ocrx_word' id='word_1_108' title='bbox 641 2638 777 2722; x_wconf 85' lang='lat' dir='ltr'><strong>primam</strong></span> <span class='ocrx_word' id='word_1_109' title='bbox 792 2658 923 2707; x_wconf 83' lang='lat' dir='ltr'><strong>somnus</strong></span> <span class='ocrx_word' id='word_1_110' title='bbox 938 2637 972 2701; x_wconf 85' lang='lat' dir='ltr'><strong>in</strong></span> <span class='ocrx_word' id='word_1_111' title='bbox 986 2637 1099 2709; x_wconf 83' lang='lat' dir='ltr'><strong>horam</strong></span> 
     </span>
    </p>
   </div>
   <div class='ocr_carea' id='block_1_6' title="bbox 186 2805 1349 4849">
    <p class='ocr_par' dir='ltr' id='par_1_10' title="bbox 186 2805 1349 4849">
     <span class='ocr_line' id='line_1_18' title="bbox 193 2805 1343 2872; baseline 0.003 -20"><span class='ocrx_word' id='word_1_112' title='bbox 193 2806 352 2870; x_wconf 70' lang='lat' dir='ltr'><strong>rorarreiv),</strong></span> <span class='ocrx_word' id='word_1_113' title='bbox 371 2805 492 2871; x_wconf 77' lang='lat' dir='ltr'><strong>eleganter</strong></span> <span class='ocrx_word' id='word_1_114' title='bbox 513 2806 634 2856; x_wconf 77' lang='lat' dir='ltr'><strong>translate</strong></span> <span class='ocrx_word' id='word_1_115' title='bbox 655 2813 751 2857; x_wconf 71' lang='lat' dir='ltr'><strong>eunte</strong></span> <span class='ocrx_word' id='word_1_116' title='bbox 783 2811 818 2855; x_wconf 77' lang='grc' dir='ltr'><strong>σῦ</strong></span> <span class='ocrx_word' id='word_1_117' title='bbox 869 2808 916 2856; x_wconf 77' lang='grc' dir='ltr'><strong>σὸν</strong></span> <span class='ocrx_word' id='word_1_118' title='bbox 938 2806 1087 2872; x_wconf 74' lang='grc' dir='ltr'><strong><em>φυλάξομεν.</em></strong></span> <span class='ocrx_word' id='word_1_119' title='bbox 1121 2808 1154 2857; x_wconf 91' lang='lat' dir='ltr'><strong>V.</strong></span> <span class='ocrx_word' id='word_1_120' title='bbox 1175 2808 1232 2855; x_wconf 84' lang='grc'><strong>499.</strong></span> <span class='ocrx_word' id='word_1_121' title='bbox 1250 2806 1343 2855; x_wconf 75' lang='lat' dir='ltr'><strong>Bacch.</strong></span> 
     </span>
     <span class='ocr_line' id='line_1_19' title="bbox 192 2824 1342 2937; baseline 0.003 -22"><span class='ocrx_word' id='word_1_122' title='bbox 192 2868 287 2917; x_wconf 84' lang='lat' dir='ltr'><strong>militia.</strong></span> <span class='ocrx_word' id='word_1_123' title='bbox 784 2824 858 2922; x_wconf 47' lang='lat' dir='ltr'><strong>Adiit</strong></span> <span class='ocrx_word' id='word_1_124' title='bbox 868 2870 917 2937; x_wconf 74' lang='lat' dir='ltr'><strong>p&#39;t</strong></span> <span class='ocrx_word' id='word_1_125' title='bbox 929 2870 1024 2937; x_wconf 76' lang='grc' dir='ltr'><strong><em>δαίμων</em></strong></span> <span class='ocrx_word' id='word_1_126' title='bbox 1041 2872 1126 2929; x_wconf 72' lang='grc' dir='ltr'><em>αὐτὸς,</em></span> <span class='ocrx_word' id='word_1_127' title='bbox 1138 2870 1260 2937; x_wconf 74' lang='grc' dir='ltr'><strong>ὕπινὶγὼ</strong></span> <span class='ocrx_word' id='word_1_128' title='bbox 1271 2870 1342 2921; x_wconf 75' lang='grc' dir='ltr'><strong>θέλω.</strong></span> 
     </span>
     <span class='ocr_line' id='line_1_20' title="bbox 223 2932 1342 3001; baseline 0 -18"><span class='ocrx_word' id='word_1_129' title='bbox 223 2934 265 2983; x_wconf 80' lang='grc'><strong>69.</strong></span> <span class='ocrx_word' id='word_1_130' title='bbox 281 2934 418 2997; x_wconf 78' lang='lat' dir='ltr'><strong>Captivum:</strong></span> <span class='ocrx_word' id='word_1_131' title='bbox 433 2932 511 2983; x_wconf 81' lang='lat' dir='ltr'><strong>tacete</strong></span> <span class='ocrx_word' id='word_1_132' title='bbox 521 2952 615 2992; x_wconf 75' lang='lat' dir='ltr'><strong>amm,</strong></span> <span class='ocrx_word' id='word_1_133' title='bbox 626 2944 654 2984; x_wconf 88' lang='lat' dir='ltr'><strong>ut</strong></span> <span class='ocrx_word' id='word_1_134' title='bbox 670 2935 750 2984; x_wconf 83' lang='lat' dir='ltr'><strong>derer-</strong></span> <span class='ocrx_word' id='word_1_135' title='bbox 784 2935 837 2983; x_wconf 85' lang='lat' dir='ltr'><strong>Hoc</strong></span> <span class='ocrx_word' id='word_1_136' title='bbox 855 2935 967 2983; x_wconf 85' lang='lat' dir='ltr'><strong>ultimum</strong></span> <span class='ocrx_word' id='word_1_137' title='bbox 984 2952 999 2984; x_wconf 82' lang='lat' dir='ltr'><strong>e</strong></span> <span class='ocrx_word' id='word_1_138' title='bbox 1016 2936 1125 2991; x_wconf 80' lang='lat' dir='ltr'><strong>Baccho,</strong></span> <span class='ocrx_word' id='word_1_139' title='bbox 1141 2935 1241 2985; x_wconf 84' lang='lat' dir='ltr'><strong>Penthei</strong></span> <span class='ocrx_word' id='word_1_140' title='bbox 1258 2942 1342 3001; x_wconf 90' lang='lat' dir='ltr'><strong>poten-</strong></span> 
     </span>
     <span class='ocr_line' id='line_1_21' title="bbox 191 2998 1342 3075; baseline 0.002 -30"><span class='ocrx_word' id='word_1_141' title='bbox 191 3006 227 3045; x_wconf 89' lang='lat' dir='ltr'><strong>tor</strong></span> <span class='ocrx_word' id='word_1_142' title='bbox 235 2998 329 3047; x_wconf 83' lang='lat' dir='ltr'><strong>virtutis</strong></span> <span class='ocrx_word' id='word_1_143' title='bbox 336 3007 360 3048; x_wconf 89' lang='lat' dir='ltr'><strong>et</strong></span> <span class='ocrx_word' id='word_1_144' title='bbox 369 3013 451 3048; x_wconf 80' lang='lat' dir='ltr'><strong>servm</strong></span> <span class='ocrx_word' id='word_1_145' title='bbox 461 2998 578 3065; x_wconf 75' lang='lat' dir='ltr'><strong>pecunie,</strong></span> <span class='ocrx_word' id='word_1_146' title='bbox 589 3006 687 3057; x_wconf 82' lang='lat' dir='ltr'><strong>vocatur</strong></span> <span class='ocrx_word' id='word_1_147' title='bbox 696 3018 750 3063; x_wconf 77' lang='lat' dir='ltr'><strong>rap·</strong></span> <span class='ocrx_word' id='word_1_148' title='bbox 783 2998 841 3048; x_wconf 85' lang='lat' dir='ltr'><strong>tiam</strong></span> <span class='ocrx_word' id='word_1_149' title='bbox 857 2999 958 3056; x_wconf 85' lang='lat' dir='ltr'><strong>ridente,</strong></span> <span class='ocrx_word' id='word_1_150' title='bbox 978 3000 1089 3075; x_wconf 67' lang='lat' dir='ltr'><strong>ambigue</strong></span> <span class='ocrx_word' id='word_1_151' title='bbox 1103 2999 1254 3064; x_wconf 85' lang='lat' dir='ltr'><strong>dictumjam</strong></span> <span class='ocrx_word' id='word_1_152' title='bbox 1266 3008 1342 3049; x_wconf 72' lang='lat' dir='ltr'><strong>trans-¹</strong></span> 
     </span>
     <span class='ocr_line' id='line_1_22' title="bbox 191 3062 1342 3129; baseline 0.003 -19"><span class='ocrx_word' id='word_1_153' title='bbox 191 3065 267 3121; x_wconf 77' lang='lat' dir='ltr'><strong>timu,-</strong></span> <span class='ocrx_word' id='word_1_154' title='bbox 285 3063 464 3128; x_wconf 71' lang='lat' dir='ltr'><strong>captivitatem</strong></span> <span class='ocrx_word' id='word_1_155' title='bbox 481 3071 530 3111; x_wconf 85' lang='lat' dir='ltr'><strong>tam</strong></span> <span class='ocrx_word' id='word_1_156' title='bbox 543 3063 615 3112; x_wconf 82' lang='lat' dir='ltr'><strong>rendi</strong></span> <span class='ocrx_word' id='word_1_157' title='bbox 625 3080 698 3129; x_wconf 77' lang='lat' dir='ltr'><strong>quem</strong></span> <span class='ocrx_word' id='word_1_158' title='bbox 709 3080 750 3113; x_wconf 90' lang='lat' dir='ltr'><strong>oc·</strong></span> <span class='ocrx_word' id='word_1_159' title='bbox 782 3062 856 3113; x_wconf 79' lang='lat' dir='ltr'><strong>fertur</strong></span> <span class='ocrx_word' id='word_1_160' title='bbox 865 3063 896 3111; x_wconf 80' lang='lat' dir='ltr'><strong>ad</strong></span> <span class='ocrx_word' id='word_1_161' title='bbox 906 3072 1015 3121; x_wconf 84' lang='lat' dir='ltr'><strong>mortem,</strong></span> <span class='ocrx_word' id='word_1_162' title='bbox 1028 3080 1078 3113; x_wconf 83' lang='lat' dir='ltr'><strong>rrve</strong></span> <span class='ocrx_word' id='word_1_163' title='bbox 1090 3067 1104 3127; x_wconf 89' lang='lat'><em>(</em></span> <span class='ocrx_word' id='word_1_164' title='bbox 1106 3068 1243 3127; x_wconf 74' lang='lat' dir='ltr'><strong>simulatque</strong></span> <span class='ocrx_word' id='word_1_165' title='bbox 1253 3065 1342 3125; x_wconf 71' lang='lat' dir='ltr'><strong>nomm)</strong></span> 
     </span>
     <span class='ocr_line' id='line_1_23' title="bbox 192 3126 1343 3193; baseline 0.001 -18"><span class='ocrx_word' id='word_1_166' title='bbox 192 3126 369 3191; x_wconf 87' lang='lat' dir='ltr'><strong>cidipoterant.</strong></span> <span class='ocrx_word' id='word_1_167' title='bbox 782 3126 958 3177; x_wconf 77' lang='lat' dir='ltr'><strong>adsmicomm</strong></span> <span class='ocrx_word' id='word_1_168' title='bbox 969 3129 1134 3193; x_wconf 76' lang='grc' dir='ltr'><strong>αὐτοχειρίαν.</strong></span> <span class='ocrx_word' id='word_1_169' title='bbox 1182 3130 1343 3177; x_wconf 81' lang='lat' dir='ltr'><strong>Utu&#39;matr&#39;nra</strong></span> 
     </span>
     <span class='ocr_line' id='line_1_24' title="bbox 223 3191 1341 3259; baseline 0.002 -20"><span class='ocrx_word' id='word_1_170' title='bbox 223 3192 264 3240; x_wconf 86' lang='grc'><strong>70.</strong></span> <span class='ocrx_word' id='word_1_171' title='bbox 280 3192 368 3240; x_wconf 74' lang='lat' dir='ltr'><strong>Serota</strong></span> <span class='ocrx_word' id='word_1_172' title='bbox 384 3194 486 3248; x_wconf 75' lang='lat' dir='ltr'><strong>utiliter,</strong></span> <span class='ocrx_word' id='word_1_173' title='bbox 497 3199 555 3239; x_wconf 86' lang='lat' dir='ltr'><strong>cett.</strong></span> <span class='ocrx_word' id='word_1_174' title='bbox 564 3191 616 3255; x_wconf 82' lang='lat' dir='ltr'><strong>jem</strong></span> <span class='ocrx_word' id='word_1_175' title='bbox 633 3191 701 3240; x_wconf 85' lang='lat' dir='ltr'><strong>affert</strong></span> <span class='ocrx_word' id='word_1_176' title='bbox 712 3204 748 3239; x_wconf 78' lang='lat' dir='ltr'><strong>ra-</strong></span> <span class='ocrx_word' id='word_1_177' title='bbox 782 3208 869 3250; x_wconf 81' lang='lat' dir='ltr'><strong>rerum,</strong></span> <span class='ocrx_word' id='word_1_178' title='bbox 885 3192 983 3242; x_wconf 82' lang='lat' dir='ltr'><strong>ultimus</strong></span> <span class='ocrx_word' id='word_1_179' title='bbox 1002 3195 1091 3259; x_wconf 86' lang='lat' dir='ltr'><strong>peracti</strong></span> <span class='ocrx_word' id='word_1_180' title='bbox 1113 3208 1197 3243; x_wconf 80' lang='lat' dir='ltr'><strong>cursus</strong></span> <span class='ocrx_word' id='word_1_181' title='bbox 1219 3192 1341 3249; x_wconf 81' lang='lat' dir='ltr'><strong>terminus,</strong></span> 
     </span>
     <span class='ocr_line' id='line_1_25' title="bbox 190 3254 1264 3321; baseline 0.003 -18"><span class='ocrx_word' id='word_1_182' title='bbox 190 3254 267 3305; x_wconf 81' lang='lat' dir='ltr'><strong>tiones</strong></span> <span class='ocrx_word' id='word_1_183' title='bbox 295 3256 402 3313; x_wconf 75' lang='lat' dir='ltr'><strong>easdam,</strong></span> <span class='ocrx_word' id='word_1_184' title='bbox 414 3270 444 3305; x_wconf 84' lang='lat' dir='ltr'><strong>ex</strong></span> <span class='ocrx_word' id='word_1_185' title='bbox 460 3254 549 3321; x_wconf 82' lang='lat' dir='ltr'><strong>quibus</strong></span> <span class='ocrx_word' id='word_1_186' title='bbox 563 3255 659 3321; x_wconf 72' lang='lat' dir='ltr'><strong>captivo</strong></span> <span class='ocrx_word' id='word_1_187' title='bbox 670 3264 751 3305; x_wconf 80' lang='lat' dir='ltr'><strong>nostro</strong></span> <span class='ocrx_word' id='word_1_188' title='bbox 782 3262 856 3313; x_wconf 80' lang='lat' dir='ltr'><strong>meta,</strong></span> <span class='ocrx_word' id='word_1_189' title='bbox 868 3257 932 3314; x_wconf 83' lang='lat' dir='ltr'><strong>calx,</strong></span> <span class='ocrx_word' id='word_1_190' title='bbox 944 3272 1021 3306; x_wconf 79' lang='lat' dir='ltr'><strong>rerum</strong></span> <span class='ocrx_word' id='word_1_191' title='bbox 1033 3256 1191 3307; x_wconf 76' lang='lat' dir='ltr'><strong>bumanorum</strong></span> <span class='ocrx_word' id='word_1_192' title='bbox 1202 3256 1264 3306; x_wconf 85' lang='lat' dir='ltr'><strong>finis.</strong></span> 
     </span>
     <span class='ocr_line' id='line_1_26' title="bbox 189 3272 750 3385; baseline -0.004 -16"><span class='ocrx_word' id='word_1_193' title='bbox 189 3272 336 3385; x_wconf 50' lang='lat' dir='ltr'><strong>perornatur</strong></span> <span class='ocrx_word' id='word_1_194' title='bbox 360 3320 401 3378; x_wconf 80' lang='lat' dir='ltr'><strong>sit,</strong></span> <span class='ocrx_word' id='word_1_195' title='bbox 421 3318 549 3371; x_wconf 81' lang='lat' dir='ltr'><strong>ostendens</strong></span> <span class='ocrx_word' id='word_1_196' title='bbox 577 3320 678 3375; x_wconf 74' lang='lat' dir='ltr'><strong>scilicet,</strong></span> <span class='ocrx_word' id='word_1_197' title='bbox 700 3318 750 3368; x_wconf 84' lang='lat' dir='ltr'><strong>fieri</strong></span> 
     </span>
     <span class='ocr_line' id='line_1_27' title="bbox 190 3383 1201 3449; baseline -0.002 -16"><span class='ocrx_word' id='word_1_198' title='bbox 190 3400 267 3449; x_wconf 76' lang='lat' dir='ltr'><strong>posse,</strong></span> <span class='ocrx_word' id='word_1_199' title='bbox 278 3394 306 3433; x_wconf 88' lang='lat' dir='ltr'><strong>ut</strong></span> <span class='ocrx_word' id='word_1_200' title='bbox 317 3398 402 3433; x_wconf 78' lang='lat' dir='ltr'><strong>avarus</strong></span> <span class='ocrx_word' id='word_1_201' title='bbox 413 3384 503 3434; x_wconf 86' lang='lat' dir='ltr'><strong>utiliter</strong></span> <span class='ocrx_word' id='word_1_202' title='bbox 517 3383 611 3440; x_wconf 80' lang='lat' dir='ltr'><strong>serviat,</strong></span> <span class='ocrx_word' id='word_1_203' title='bbox 630 3392 655 3433; x_wconf 92' lang='lat' dir='ltr'><strong>et</strong></span> <span class='ocrx_word' id='word_1_204' title='bbox 670 3384 749 3433; x_wconf 82' lang='lat' dir='ltr'><strong>inten-</strong></span> <span class='ocrx_word' id='word_1_205' title='bbox 924 3384 1094 3434; x_wconf 75' lang='lat' dir='ltr'><strong>EPISTULA</strong></span> <span class='ocrx_word' id='word_1_206' title='bbox 1113 3386 1201 3434; x_wconf 85' lang='lat' dir='ltr'>XVII.</span> 
     </span>
     <span class='ocr_line' id='line_1_28' title="bbox 189 3447 1341 3513; baseline 0.001 -16"><span class='ocrx_word' id='word_1_207' title='bbox 189 3448 287 3498; x_wconf 80' lang='lat' dir='ltr'><strong>timimlr</strong></span> <span class='ocrx_word' id='word_1_208' title='bbox 312 3448 435 3498; x_wconf 76' lang='lat' dir='ltr'><strong>laboribus</strong></span> <span class='ocrx_word' id='word_1_209' title='bbox 460 3448 526 3498; x_wconf 76' lang='lat' dir='ltr'><strong>vario</strong></span> <span class='ocrx_word' id='word_1_210' title='bbox 551 3448 621 3497; x_wconf 81' lang='lat' dir='ltr'><strong>modo</strong></span> <span class='ocrx_word' id='word_1_211' title='bbox 648 3448 751 3513; x_wconf 74' lang='lat' dir='ltr'><strong>publicis</strong></span> <span class='ocrx_word' id='word_1_212' title='bbox 815 3448 938 3509; x_wconf 79' lang='lat' dir='ltr'><strong>Horatius,</strong></span> <span class='ocrx_word' id='word_1_213' title='bbox 956 3450 1061 3498; x_wconf 75' lang='lat' dir='ltr'><strong>scribent</strong></span> <span class='ocrx_word' id='word_1_214' title='bbox 1079 3449 1111 3498; x_wconf 79' lang='lat' dir='ltr'><strong>ud</strong></span> <span class='ocrx_word' id='word_1_215' title='bbox 1128 3450 1233 3497; x_wconf 77' lang='lat' dir='ltr'><strong>Scaevam</strong></span> <span class='ocrx_word' id='word_1_216' title='bbox 1253 3447 1283 3499; x_wconf 85' lang='lat' dir='ltr'><strong>de</strong></span> <span class='ocrx_word' id='word_1_217' title='bbox 1303 3464 1341 3498; x_wconf 88' lang='lat' dir='ltr'><strong>ra-</strong></span> 
     </span>
     <span class='ocr_line' id='line_1_29' title="bbox 189 3510 1343 3580; baseline 0.002 -19"><span class='ocrx_word' id='word_1_218' title='bbox 189 3513 319 3563; x_wconf 83' lang='lat' dir='ltr'><strong>commodis</strong></span> <span class='ocrx_word' id='word_1_219' title='bbox 346 3513 429 3580; x_wconf 73' lang='lat' dir='ltr'><strong>prosit.</strong></span> <span class='ocrx_word' id='word_1_220' title='bbox 467 3515 559 3568; x_wconf 78' lang='lat' dir='ltr'><strong>Darat,</strong></span> <span class='ocrx_word' id='word_1_221' title='bbox 581 3512 635 3562; x_wconf 85' lang='lat' dir='ltr'><strong>duri</strong></span> <span class='ocrx_word' id='word_1_222' title='bbox 661 3513 750 3561; x_wconf 81' lang='lat' dir='ltr'><strong>laboris</strong></span> <span class='ocrx_word' id='word_1_223' title='bbox 780 3510 845 3561; x_wconf 87' lang='lat' dir='ltr'><strong>tione</strong></span> <span class='ocrx_word' id='word_1_224' title='bbox 860 3529 910 3578; x_wconf 83' lang='lat' dir='ltr'><strong>qua</strong></span> <span class='ocrx_word' id='word_1_225' title='bbox 927 3512 1038 3563; x_wconf 89' lang='lat' dir='ltr'><strong>ditiorum</strong></span> <span class='ocrx_word' id='word_1_226' title='bbox 1053 3520 1078 3563; x_wconf 87' lang='lat' dir='ltr'><strong>et</strong></span> <span class='ocrx_word' id='word_1_227' title='bbox 1095 3512 1251 3579; x_wconf 86' lang='lat' dir='ltr'><strong>potentiorum</strong></span> <span class='ocrx_word' id='word_1_228' title='bbox 1268 3514 1343 3578; x_wconf 85' lang='lat' dir='ltr'><strong>gratia</strong></span> 
     </span>
     <span class='ocr_line' id='line_1_30' title="bbox 188 3577 1341 3691; baseline -0.002 0"><span class='ocrx_word' id='word_1_229' title='bbox 188 3577 413 3691; x_wconf 44' lang='lat' dir='ltr'><strong>&amp;tutet</strong></span> <span class='ocrx_word' id='word_1_230' title='bbox 428 3578 507 3690; x_wconf 69' lang='lat' dir='ltr'><strong>ltt‘·</strong></span> <span class='ocrx_word' id='word_1_231' title='bbox 523 3577 541 3634; x_wconf 72' lang='lat'><strong>³&#39;</strong></span> <span class='ocrx_word' id='word_1_232' title='bbox 559 3579 583 3635; x_wconf 89' lang='lat'><strong>⁷&#39;</strong></span> <span class='ocrx_word' id='word_1_233' title='bbox 594 3578 750 3691; x_wconf 54' lang='lat' dir='ltr'><strong>,ima</strong></span> <span class='ocrx_word' id='word_1_234' title='bbox 780 3577 1007 3691; x_wconf 51' lang='lat' dir='ltr'><strong>ii&#39;l‘lm‘sslffl</strong></span> <span class='ocrx_word' id='word_1_235' title='bbox 1026 3577 1212 3691; x_wconf 65' lang='lat' dir='ltr'><strong>‘ll‘tttt</strong></span> <span class='ocrx_word' id='word_1_236' title='bbox 1224 3577 1341 3689; x_wconf 56' lang='lat' dir='ltr'><strong>qulam?</strong></span> 
     </span>
     <span class='ocr_line' id='line_1_31' title="bbox 188 3650 1342 3771; baseline 0 -18"><span class='ocrx_word' id='word_1_237' title='bbox 188 3678 253 3755; x_wconf 76' lang='lat' dir='ltr'><strong>mili.</strong></span> <span class='ocrx_word' id='word_1_238' title='bbox 266 3662 283 3691; x_wconf 56' lang='lat' dir='ltr'><strong><em>u</em></strong></span> <span class='ocrx_word' id='word_1_239' title='bbox 327 3678 333 3699; x_wconf 59' lang='grc'><strong><em>’</em></strong></span> <span class='ocrx_word' id='word_1_240' title='bbox 494 3650 574 3706; x_wconf 54' lang='lat' dir='ltr'><strong>mm</strong></span> <span class='ocrx_word' id='word_1_241' title='bbox 781 3656 858 3754; x_wconf 77' lang='lat' dir='ltr'><strong>mrllto</strong></span> <span class='ocrx_word' id='word_1_242' title='bbox 875 3707 988 3771; x_wconf 88' lang='lat' dir='ltr'><strong>potiorem</strong></span> <span class='ocrx_word' id='word_1_243' title='bbox 1008 3722 1061 3755; x_wconf 80' lang='lat' dir='ltr'><strong>erse</strong></span> <span class='ocrx_word' id='word_1_244' title='bbox 1082 3658 1125 3755; x_wconf 74' lang='lat' dir='ltr'><strong>illo</strong></span> <span class='ocrx_word' id='word_1_245' title='bbox 1148 3706 1190 3771; x_wconf 91' lang='lat' dir='ltr'><strong>qui</strong></span> <span class='ocrx_word' id='word_1_246' title='bbox 1211 3656 1342 3754; x_wconf 44' lang='lat' dir='ltr'><strong>miletium</strong></span> 
     </span>
     <span class='ocr_line' id='line_1_32' title="bbox 221 3768 1341 3836; baseline 0 -17"><span class='ocrx_word' id='word_1_247' title='bbox 221 3772 262 3819; x_wconf 82' lang='lat'><strong>72.</strong></span> <span class='ocrx_word' id='word_1_248' title='bbox 279 3772 390 3828; x_wconf 78' lang='lat' dir='ltr'><strong>Annonae,</strong></span> <span class='ocrx_word' id='word_1_249' title='bbox 403 3769 437 3819; x_wconf 85' lang='lat' dir='ltr'><strong>rei</strong></span> <span class='ocrx_word' id='word_1_250' title='bbox 449 3770 619 3820; x_wconf 70' lang='lat' dir='ltr'><strong>frumentariae.</strong></span> <span class='ocrx_word' id='word_1_251' title='bbox 781 3770 886 3835; x_wconf 82' lang='lat' dir='ltr'><strong>alicujus</strong></span> <span class='ocrx_word' id='word_1_252' title='bbox 904 3770 938 3819; x_wconf 91' lang='lat' dir='ltr'><strong>rei</strong></span> <span class='ocrx_word' id='word_1_253' title='bbox 956 3770 1114 3836; x_wconf 78' lang='lat' dir='ltr'><strong>suscipiende</strong></span> <span class='ocrx_word' id='word_1_254' title='bbox 1131 3780 1156 3819; x_wconf 89' lang='lat' dir='ltr'><strong>et</strong></span> <span class='ocrx_word' id='word_1_255' title='bbox 1173 3768 1292 3818; x_wconf 75' lang='lat' dir='ltr'><strong>tentandae</strong></span> <span class='ocrx_word' id='word_1_256' title='bbox 1304 3770 1341 3819; x_wconf 87' lang='lat' dir='ltr'><strong>lu·</strong></span> 
     </span>
     <span class='ocr_line' id='line_1_33' title="bbox 222 3832 1342 3908; baseline 0 -25"><span class='ocrx_word' id='word_1_257' title='bbox 222 3836 329 3883; x_wconf 83' lang='grc'><strong>73-79.</strong></span> <span class='ocrx_word' id='word_1_258' title='bbox 350 3835 391 3882; x_wconf 78' lang='lat' dir='ltr'><strong>Vir</strong></span> <span class='ocrx_word' id='word_1_259' title='bbox 401 3838 611 3899; x_wconf 66' lang='lat' dir='ltr'><strong>bonusampiem.</strong></span> <span class='ocrx_word' id='word_1_260' title='bbox 637 3834 748 3901; x_wconf 82' lang='lat' dir='ltr'><strong>Respon-</strong></span> <span class='ocrx_word' id='word_1_261' title='bbox 781 3835 840 3896; x_wconf 66' lang='lat' dir='ltr'><strong>piat,</strong></span> <span class='ocrx_word' id='word_1_262' title='bbox 852 3835 923 3884; x_wconf 87' lang='lat' dir='ltr'><strong>docet</strong></span> <span class='ocrx_word' id='word_1_263' title='bbox 932 3842 957 3883; x_wconf 87' lang='lat' dir='ltr'><strong>et</strong></span> <span class='ocrx_word' id='word_1_264' title='bbox 967 3836 1091 3908; x_wconf 80' lang='lat' dir='ltr'><strong>probatum</strong></span> <span class='ocrx_word' id='word_1_265' title='bbox 1108 3835 1135 3883; x_wconf 89' lang='lat' dir='ltr'><strong>it.</strong></span> <span class='ocrx_word' id='word_1_266' title='bbox 1170 3832 1264 3883; x_wconf 83' lang='lat' dir='ltr'><strong>Horatii</strong></span> <span class='ocrx_word' id='word_1_267' title='bbox 1282 3835 1342 3883; x_wconf 86' lang='lat' dir='ltr'><strong>arni·</strong></span> 
     </span>
     <span class='ocr_line' id='line_1_34' title="bbox 188 3897 1343 3964; baseline 0 -17"><span class='ocrx_word' id='word_1_268' title='bbox 188 3897 229 3947; x_wconf 84' lang='lat' dir='ltr'><strong>‹let</strong></span> <span class='ocrx_word' id='word_1_269' title='bbox 240 3898 371 3947; x_wconf 75' lang='lat' dir='ltr'><strong>hierenus</strong></span> <span class='ocrx_word' id='word_1_270' title='bbox 386 3904 410 3947; x_wconf 88' lang='lat' dir='ltr'><strong>et</strong></span> <span class='ocrx_word' id='word_1_271' title='bbox 426 3914 480 3963; x_wconf 74' lang='lat' dir='ltr'><strong>sqq.</strong></span> <span class='ocrx_word' id='word_1_272' title='bbox 497 3898 576 3947; x_wconf 78' lang='lat' dir='ltr'><strong>versui</strong></span> <span class='ocrx_word' id='word_1_273' title='bbox 593 3900 624 3949; x_wconf 80' lang='lat'><strong>57</strong></span> <span class='ocrx_word' id='word_1_274' title='bbox 641 3906 666 3948; x_wconf 90' lang='lat' dir='ltr'><strong>et</strong></span> <span class='ocrx_word' id='word_1_275' title='bbox 685 3915 748 3964; x_wconf 79' lang='lat' dir='ltr'><strong>sqq,</strong></span> <span class='ocrx_word' id='word_1_276' title='bbox 782 3914 835 3956; x_wconf 85' lang='lat' dir='ltr'><strong>cus,</strong></span> <span class='ocrx_word' id='word_1_277' title='bbox 847 3902 940 3955; x_wconf 71' lang='lat' dir='ltr'><strong>Scaeva,</strong></span> <span class='ocrx_word' id='word_1_278' title='bbox 951 3899 1044 3947; x_wconf 85' lang='lat' dir='ltr'><strong>vrdetur</strong></span> <span class='ocrx_word' id='word_1_279' title='bbox 1059 3897 1203 3963; x_wconf 84' lang='lat' dir='ltr'><strong>quibusdam</strong></span> <span class='ocrx_word' id='word_1_280' title='bbox 1215 3899 1278 3946; x_wconf 84' lang='lat' dir='ltr'><strong>tilius</strong></span> <span class='ocrx_word' id='word_1_281' title='bbox 1289 3898 1343 3962; x_wconf 75' lang='lat' dir='ltr'><strong>ejus</strong></span> 
     </span>
     <span class='ocr_line' id='line_1_35' title="bbox 189 3962 1344 4028; baseline 0.001 -18"><span class='ocrx_word' id='word_1_282' title='bbox 189 3963 230 4011; x_wconf 90' lang='lat' dir='ltr'><strong>ubi</strong></span> <span class='ocrx_word' id='word_1_283' title='bbox 248 3978 325 4013; x_wconf 82' lang='lat' dir='ltr'><strong>sermo</strong></span> <span class='ocrx_word' id='word_1_284' title='bbox 341 3970 378 4012; x_wconf 79' lang='lat' dir='ltr'><strong>est</strong></span> <span class='ocrx_word' id='word_1_285' title='bbox 395 3962 425 4013; x_wconf 89' lang='lat' dir='ltr'><strong>de</strong></span> <span class='ocrx_word' id='word_1_286' title='bbox 442 3962 493 4011; x_wconf 83' lang='lat' dir='ltr'><strong>viro</strong></span> <span class='ocrx_word' id='word_1_287' title='bbox 510 3963 573 4012; x_wconf 91' lang='lat' dir='ltr'><strong>bouo</strong></span> <span class='ocrx_word' id='word_1_288' title='bbox 590 3979 620 4013; x_wconf 84' lang='lat' dir='ltr'><strong>ex</strong></span> <span class='ocrx_word' id='word_1_289' title='bbox 638 3964 750 4028; x_wconf 65' lang='lat' dir='ltr'><strong>opnione</strong></span> <span class='ocrx_word' id='word_1_290' title='bbox 782 3962 862 4012; x_wconf 78' lang='lat' dir='ltr'><strong>cassii</strong></span> <span class='ocrx_word' id='word_1_291' title='bbox 878 3965 978 4019; x_wconf 80' lang='lat' dir='ltr'><strong>Serere,</strong></span> <span class='ocrx_word' id='word_1_292' title='bbox 989 3979 1061 4028; x_wconf 87' lang='lat' dir='ltr'><strong>quem</strong></span> <span class='ocrx_word' id='word_1_293' title='bbox 1074 3964 1149 4011; x_wconf 84' lang='lat' dir='ltr'><strong>virum</strong></span> <span class='ocrx_word' id='word_1_294' title='bbox 1164 3962 1248 4011; x_wconf 78' lang='lat' dir='ltr'><strong>fortem</strong></span> <span class='ocrx_word' id='word_1_295' title='bbox 1260 3962 1344 4011; x_wconf 77' lang='lat' dir='ltr'><strong>laudat</strong></span> 
     </span>
     <span class='ocr_line' id='line_1_36' title="bbox 189 4026 1096 4091; baseline 0.003 -17"><span class='ocrx_word' id='word_1_296' title='bbox 189 4027 264 4091; x_wconf 82' lang='lat' dir='ltr'><strong>vulgi.</strong></span> <span class='ocrx_word' id='word_1_297' title='bbox 298 4028 380 4091; x_wconf 76' lang='lat' dir='ltr'><strong>Longe</strong></span> <span class='ocrx_word' id='word_1_298' title='bbox 391 4027 460 4077; x_wconf 86' lang='lat' dir='ltr'><strong>aliter</strong></span> <span class='ocrx_word' id='word_1_299' title='bbox 470 4042 507 4076; x_wconf 77' lang='lat' dir='ltr'><strong>res</strong></span> <span class='ocrx_word' id='word_1_300' title='bbox 519 4044 545 4077; x_wconf 85' lang='lat' dir='ltr'><strong>re</strong></span> <span class='ocrx_word' id='word_1_301' title='bbox 560 4028 641 4084; x_wconf 87' lang='lat' dir='ltr'><strong>babet,</strong></span> <span class='ocrx_word' id='word_1_302' title='bbox 653 4028 687 4077; x_wconf 88' lang='lat' dir='ltr'><strong>ait</strong></span> <span class='ocrx_word' id='word_1_303' title='bbox 698 4030 749 4077; x_wconf 93' lang='lat' dir='ltr'><strong>Ho-</strong></span> <span class='ocrx_word' id='word_1_304' title='bbox 783 4026 836 4076; x_wconf 82' lang='lat' dir='ltr'><strong>lul.</strong></span> <span class='ocrx_word' id='word_1_305' title='bbox 848 4029 912 4077; x_wconf 77' lang='lat' dir='ltr'><strong>Cer.</strong></span> <span class='ocrx_word' id='word_1_306' title='bbox 926 4028 957 4075; x_wconf 92' lang='grc' dir='ltr'><strong>Β.</strong></span> <span class='ocrx_word' id='word_1_307' title='bbox 967 4028 997 4077; x_wconf 93' lang='lat' dir='ltr'><strong>C.</strong></span> <span class='ocrx_word' id='word_1_308' title='bbox 1009 4027 1044 4086; x_wconf 91' lang='lat' dir='ltr'><strong>iii,</strong></span> <span class='ocrx_word' id='word_1_309' title='bbox 1056 4028 1096 4077; x_wconf 76' lang='lat' dir='ltr'><strong>tt.</strong></span> 
     </span>
     <span class='ocr_line' id='line_1_37' title="bbox 189 4091 1235 4159; baseline -0.001 -20"><span class='ocrx_word' id='word_1_310' title='bbox 189 4092 273 4148; x_wconf 79' lang='lat' dir='ltr'><strong>ratius,</strong></span> <span class='ocrx_word' id='word_1_311' title='bbox 285 4107 341 4141; x_wconf 87' lang='lat' dir='ltr'><strong>cum</strong></span> <span class='ocrx_word' id='word_1_312' title='bbox 352 4092 402 4140; x_wconf 79' lang='lat' dir='ltr'><strong>viro</strong></span> <span class='ocrx_word' id='word_1_313' title='bbox 414 4108 467 4141; x_wconf 82' lang='lat' dir='ltr'><strong>vere</strong></span> <span class='ocrx_word' id='word_1_314' title='bbox 479 4092 542 4140; x_wconf 87' lang='lat' dir='ltr'><strong>bono</strong></span> <span class='ocrx_word' id='word_1_315' title='bbox 552 4102 577 4142; x_wconf 82' lang='lat' dir='ltr'><strong>ot</strong></span> <span class='ocrx_word' id='word_1_316' title='bbox 587 4094 713 4158; x_wconf 66' lang='lat' dir='ltr'><strong>sapiente,</strong></span> <span class='ocrx_word' id='word_1_317' title='bbox 730 4094 751 4141; x_wconf 88' lang='lat' dir='ltr'><strong>ir</strong></span> <span class='ocrx_word' id='word_1_318' title='bbox 818 4096 841 4140; x_wconf 90' lang='grc' dir='ltr'><strong>Ι.</strong></span> <span class='ocrx_word' id='word_1_319' title='bbox 860 4093 906 4140; x_wconf 84' lang='lat' dir='ltr'><strong>Per</strong></span> <span class='ocrx_word' id='word_1_320' title='bbox 918 4102 949 4150; x_wconf 81' lang='lat' dir='ltr'><strong>ta,</strong></span> <span class='ocrx_word' id='word_1_321' title='bbox 961 4092 1090 4159; x_wconf 80' lang='lat' dir='ltr'><strong>meipsius</strong></span> <span class='ocrx_word' id='word_1_322' title='bbox 1101 4091 1235 4159; x_wconf 84' lang='lat' dir='ltr'><strong>prudentia.</strong></span> 
     </span>
     <span class='ocr_line' id='line_1_38' title="bbox 187 4156 1344 4221; baseline 0 -17"><span class='ocrx_word' id='word_1_323' title='bbox 187 4156 252 4204; x_wconf 80' lang='lat' dir='ltr'><strong>enim</strong></span> <span class='ocrx_word' id='word_1_324' title='bbox 266 4156 316 4205; x_wconf 79' lang='lat' dir='ltr'><strong>vim</strong></span> <span class='ocrx_word' id='word_1_325' title='bbox 334 4156 381 4204; x_wconf 82' lang='lat' dir='ltr'><strong>ribi</strong></span> <span class='ocrx_word' id='word_1_326' title='bbox 398 4156 501 4204; x_wconf 72' lang='lat' dir='ltr'><strong>allatum</strong></span> <span class='ocrx_word' id='word_1_327' title='bbox 518 4156 571 4206; x_wconf 84' lang='lat' dir='ltr'><strong>sine</strong></span> <span class='ocrx_word' id='word_1_328' title='bbox 587 4158 652 4206; x_wconf 87' lang='lat' dir='ltr'><strong>omni</strong></span> <span class='ocrx_word' id='word_1_329' title='bbox 668 4157 752 4207; x_wconf 82' lang='lat' dir='ltr'><strong>timore</strong></span> <span class='ocrx_word' id='word_1_330' title='bbox 814 4158 840 4204; x_wconf 79' lang='lat'><strong>2.</strong></span> <span class='ocrx_word' id='word_1_331' title='bbox 858 4157 989 4220; x_wconf 75' lang='lat' dir='ltr'><strong>Mrp&#39;orlbur</strong></span> <span class='ocrx_word' id='word_1_332' title='bbox 999 4162 1045 4213; x_wconf 76' lang='lat' dir='ltr'><strong>uti,</strong></span> <span class='ocrx_word' id='word_1_333' title='bbox 1057 4172 1083 4205; x_wconf 81' lang='lat' dir='ltr'><strong>se</strong></span> <span class='ocrx_word' id='word_1_334' title='bbox 1096 4172 1175 4221; x_wconf 85' lang='lat' dir='ltr'><strong>gerere</strong></span> <span class='ocrx_word' id='word_1_335' title='bbox 1189 4170 1246 4219; x_wconf 76' lang='lat' dir='ltr'><strong>erga</strong></span> <span class='ocrx_word' id='word_1_336' title='bbox 1260 4163 1344 4221; x_wconf 87' lang='lat' dir='ltr'><strong>poten-</strong></span> 
     </span>
     <span class='ocr_line' id='line_1_39' title="bbox 187 4220 1219 4295; baseline 0 -27"><span class='ocrx_word' id='word_1_337' title='bbox 187 4220 285 4269; x_wconf 83' lang='lat' dir='ltr'><strong>audebit</strong></span> <span class='ocrx_word' id='word_1_338' title='bbox 296 4220 384 4275; x_wconf 86' lang='lat' dir='ltr'><strong>dicere,</strong></span> <span class='ocrx_word' id='word_1_339' title='bbox 397 4220 462 4285; x_wconf 91' lang='lat' dir='ltr'><strong>quod</strong></span> <span class='ocrx_word' id='word_1_340' title='bbox 481 4222 591 4295; x_wconf 76' lang='lat' dir='ltr'><strong>captivus</strong></span> <span class='ocrx_word' id='word_1_341' title='bbox 608 4221 753 4286; x_wconf 85' lang='lat' dir='ltr'><strong>vinctusque</strong></span> <span class='ocrx_word' id='word_1_342' title='bbox 784 4220 864 4277; x_wconf 82' lang='lat' dir='ltr'><strong>tiores,</strong></span> <span class='ocrx_word' id='word_1_343' title='bbox 876 4221 963 4270; x_wconf 80' lang='lat' dir='ltr'><strong>versari</strong></span> <span class='ocrx_word' id='word_1_344' title='bbox 973 4236 1028 4269; x_wconf 89' lang='lat' dir='ltr'><strong>cum</strong></span> <span class='ocrx_word' id='word_1_345' title='bbox 1040 4221 1219 4286; x_wconf 81' lang='lat' dir='ltr'><strong>potentioribus.</strong></span> 
     </span>
     <span class='ocr_line' id='line_1_40' title="bbox 189 4284 1345 4351; baseline 0.001 -19"><span class='ocrx_word' id='word_1_346' title='bbox 189 4284 302 4333; x_wconf 67' lang='lat' dir='ltr'><strong>Bocchus</strong></span> <span class='ocrx_word' id='word_1_347' title='bbox 310 4285 427 4341; x_wconf 84' lang='lat' dir='ltr'><strong>Pentheo,</strong></span> <span class='ocrx_word' id='word_1_348' title='bbox 437 4284 523 4334; x_wconf 77' lang='lat' dir='ltr'><strong>Cadmi</strong></span> <span class='ocrx_word' id='word_1_349' title='bbox 535 4286 561 4334; x_wconf 89' lang='lat' dir='ltr'><strong>in</strong></span> <span class='ocrx_word' id='word_1_350' title='bbox 572 4300 645 4351; x_wconf 76' lang='lat' dir='ltr'><strong>regno</strong></span> <span class='ocrx_word' id='word_1_351' title='bbox 652 4285 747 4334; x_wconf 82' lang='lat' dir='ltr'><strong>Theba·</strong></span> <span class='ocrx_word' id='word_1_352' title='bbox 813 4287 839 4333; x_wconf 83' lang='grc'><strong>3.</strong></span> <span class='ocrx_word' id='word_1_353' title='bbox 858 4285 930 4341; x_wconf 78' lang='lat' dir='ltr'><strong>Utri,</strong></span> <span class='ocrx_word' id='word_1_354' title='bbox 943 4286 1012 4339; x_wconf 81' lang='lat' dir='ltr'><strong>acsi,</strong></span> <span class='ocrx_word' id='word_1_355' title='bbox 1031 4286 1101 4350; x_wconf 86' lang='lat' dir='ltr'><strong>quasi</strong></span> <span class='ocrx_word' id='word_1_356' title='bbox 1118 4300 1162 4349; x_wconf 71' lang='lat' dir='ltr'><strong>ego</strong></span> <span class='ocrx_word' id='word_1_357' title='bbox 1180 4285 1247 4335; x_wconf 81' lang='lat' dir='ltr'><strong>velut</strong></span> <span class='ocrx_word' id='word_1_358' title='bbox 1265 4298 1345 4333; x_wconf 77' lang='lat' dir='ltr'><strong>cecus</strong></span> 
     </span>
     <span class='ocr_line' id='line_1_41' title="bbox 186 4348 1344 4423; baseline -0.002 -26"><span class='ocrx_word' id='word_1_359' title='bbox 186 4364 238 4397; x_wconf 89' lang='lat' dir='ltr'><strong>rum</strong></span> <span class='ocrx_word' id='word_1_360' title='bbox 248 4349 389 4405; x_wconf 81' lang='lat' dir='ltr'><strong>successori,</strong></span> <span class='ocrx_word' id='word_1_361' title='bbox 398 4350 463 4423; x_wconf 81' lang='lat' dir='ltr'><strong>apud</strong></span> <span class='ocrx_word' id='word_1_362' title='bbox 472 4350 530 4398; x_wconf 83' lang='lat' dir='ltr'><strong>Euri</strong></span> <span class='ocrx_word' id='word_1_363' title='bbox 547 4350 611 4400; x_wconf 87' lang='lat' dir='ltr'><strong>idem</strong></span> <span class='ocrx_word' id='word_1_364' title='bbox 622 4351 647 4398; x_wconf 87' lang='lat' dir='ltr'><strong>in</strong></span> <span class='ocrx_word' id='word_1_365' title='bbox 657 4350 749 4399; x_wconf 73' lang='lat' dir='ltr'><strong>Bacch.</strong></span> <span class='ocrx_word' id='word_1_366' title='bbox 782 4350 889 4415; x_wconf 79' lang='grc' dir='ltr'>(τυφλὸς</span> <span class='ocrx_word' id='word_1_367' title='bbox 898 4349 1012 4415; x_wconf 60' lang='lat' dir='ltr'><strong>donym.)</strong></span> <span class='ocrx_word' id='word_1_368' title='bbox 1020 4350 1065 4399; x_wconf 85' lang='lat' dir='ltr'><strong>iter</strong></span> <span class='ocrx_word' id='word_1_369' title='bbox 1074 4349 1118 4398; x_wconf 87' lang='lat' dir='ltr'><strong>tibi</strong></span> <span class='ocrx_word' id='word_1_370' title='bbox 1129 4359 1256 4398; x_wconf 84' lang='lat' dir='ltr'><strong>monstrare</strong></span> <span class='ocrx_word' id='word_1_371' title='bbox 1266 4348 1344 4397; x_wconf 85' lang='lat' dir='ltr'><strong>velim.</strong></span> 
     </span>
     <span class='ocr_line' id='line_1_42' title="bbox 186 4412 1349 4481; baseline 0.001 -20"><span class='ocrx_word' id='word_1_372' title='bbox 186 4412 247 4462; x_wconf 88' lang='lat' dir='ltr'><strong>dirit</strong></span> <span class='ocrx_word' id='word_1_373' title='bbox 260 4430 284 4463; x_wconf 80' lang='lat' dir='ltr'><strong>r.</strong></span> <span class='ocrx_word' id='word_1_374' title='bbox 299 4414 348 4463; x_wconf 78' lang='lat'><strong>⁴92</strong></span> <span class='ocrx_word' id='word_1_375' title='bbox 365 4413 437 4479; x_wconf 83' lang='lat' dir='ltr'><strong>(edu.</strong></span> <span class='ocrx_word' id='word_1_376' title='bbox 456 4415 556 4472; x_wconf 71' lang='lat' dir='ltr'><strong>Becb,</strong></span> <span class='ocrx_word' id='word_1_377' title='bbox 578 4415 627 4481; x_wconf 73' lang='lat' dir='ltr'><strong>Elp¹</strong></span> <span class='ocrx_word' id='word_1_378' title='bbox 639 4414 653 4465; x_wconf 72' lang='grc' dir='ltr'><strong>ὅ</strong></span> <span class='ocrx_word' id='word_1_379' title='bbox 665 4433 688 4464; x_wconf 84' lang='grc' dir='ltr'><strong>τι</strong></span> <span class='ocrx_word' id='word_1_380' title='bbox 700 4432 749 4464; x_wconf 80' lang='grc' dir='ltr'><strong>πα·</strong></span> <span class='ocrx_word' id='word_1_381' title='bbox 769 4444 771 4449; x_wconf 93' lang='lat'><em>·</em></span> <span class='ocrx_word' id='word_1_382' title='bbox 815 4416 840 4461; x_wconf 81' lang='lat'><strong>4.</strong></span> <span class='ocrx_word' id='word_1_383' title='bbox 864 4416 948 4463; x_wconf 83' lang='lat' dir='ltr'><strong>Tamen</strong></span> <span class='ocrx_word' id='word_1_384' title='bbox 968 4417 1067 4476; x_wconf 74' lang='lat' dir='ltr'><strong>adspice,</strong></span> <span class='ocrx_word' id='word_1_385' title='bbox 1088 4412 1243 4462; x_wconf 82' lang='lat' dir='ltr'><strong>nibilominus</strong></span> <span class='ocrx_word' id='word_1_386' title='bbox 1266 4422 1349 4462; x_wconf 84' lang='lat' dir='ltr'><strong>ternen-</strong></span> 
     </span>
     <span class='ocr_line' id='line_1_43' title="bbox 186 4476 920 4545; baseline -0.001 -18"><span class='ocrx_word' id='word_1_387' title='bbox 186 4478 242 4527; x_wconf 80' lang='grc' dir='ltr'><strong><em>θεῖν</em></strong></span> <span class='ocrx_word' id='word_1_388' title='bbox 259 4476 304 4528; x_wconf 73' lang='grc' dir='ltr'><strong>δεῖ·</strong></span> <span class='ocrx_word' id='word_1_389' title='bbox 323 4479 348 4527; x_wconf 81' lang='grc' dir='ltr'><strong>τί</strong></span> <span class='ocrx_word' id='word_1_390' title='bbox 364 4496 394 4543; x_wconf 80' lang='grc' dir='ltr'><strong>με</strong></span> <span class='ocrx_word' id='word_1_391' title='bbox 412 4480 441 4528; x_wconf 78' lang='grc' dir='ltr'><strong>τὸ</strong></span> <span class='ocrx_word' id='word_1_392' title='bbox 458 4478 538 4529; x_wconf 75' lang='grc' dir='ltr'><strong>δεινὸν</strong></span> <span class='ocrx_word' id='word_1_393' title='bbox 555 4482 644 4545; x_wconf 83' lang='lat' dir='ltr'><strong>(rtrox,</strong></span> <span class='ocrx_word' id='word_1_394' title='bbox 665 4480 750 4528; x_wconf 86' lang='lat' dir='ltr'><strong>Horat.</strong></span> <span class='ocrx_word' id='word_1_395' title='bbox 782 4478 920 4528; x_wconf 84' lang='lat' dir='ltr'><strong>considera.</strong></span> 
     </span>
     <span class='ocr_line' id='line_1_44' title="bbox 187 4540 1345 4609; baseline -0.002 -18"><span class='ocrx_word' id='word_1_396' title='bbox 187 4543 351 4607; x_wconf 71' lang='lat' dir='ltr'><strong>indignum)l</strong></span> <span class='ocrx_word' id='word_1_397' title='bbox 385 4543 451 4609; x_wconf 78' lang='lat' dir='ltr'><strong>rlrp;</strong></span> <span class='ocrx_word' id='word_1_398' title='bbox 468 4561 491 4592; x_wconf 87' lang='lat' dir='ltr'><strong>v.</strong></span> <span class='ocrx_word' id='word_1_399' title='bbox 504 4544 562 4593; x_wconf 91' lang='grc'><strong>494.</strong></span> <span class='ocrx_word' id='word_1_400' title='bbox 581 4544 670 4593; x_wconf 85' lang='lat' dir='ltr'><strong>Penth.</strong></span> <span class='ocrx_word' id='word_1_401' title='bbox 718 4549 749 4592; x_wconf 85' lang='grc' dir='ltr'><strong>ῶ-</strong></span> <span class='ocrx_word' id='word_1_402' title='bbox 815 4545 841 4592; x_wconf 79' lang='lat' dir='ltr'><strong>t.</strong></span> <span class='ocrx_word' id='word_1_403' title='bbox 871 4544 996 4605; x_wconf 78' lang='lat' dir='ltr'><strong>Proprium</strong></span> <span class='ocrx_word' id='word_1_404' title='bbox 1012 4540 1104 4607; x_wconf 76' lang='lat' dir='ltr'><strong>fecitte,</strong></span> <span class='ocrx_word' id='word_1_405' title='bbox 1130 4540 1155 4589; x_wconf 87' lang='lat' dir='ltr'><strong>iu</strong></span> <span class='ocrx_word' id='word_1_406' title='bbox 1180 4556 1250 4590; x_wconf 86' lang='lat' dir='ltr'><strong>usum</strong></span> <span class='ocrx_word' id='word_1_407' title='bbox 1278 4549 1345 4589; x_wconf 88' lang='lat' dir='ltr'><strong>tuurn</strong></span> 
     </span>
     <span class='ocr_line' id='line_1_45' title="bbox 189 4562 1188 4678; baseline 0.001 -23"><span class='ocrx_word' id='word_1_408' title='bbox 189 4625 236 4656; x_wconf 76' lang='lat' dir='ltr'><strong>rou</strong></span> <span class='ocrx_word' id='word_1_409' title='bbox 251 4610 298 4673; x_wconf 76' lang='grc' dir='ltr'><strong>μὲν</strong></span> <span class='ocrx_word' id='word_1_410' title='bbox 315 4606 352 4670; x_wconf 70' lang='lat' dir='ltr'><strong>riti</strong></span> <span class='ocrx_word' id='word_1_411' title='bbox 383 4626 399 4657; x_wconf 86' lang='grc' dir='ltr'><em>ν</em></span> <span class='ocrx_word' id='word_1_412' title='bbox 420 4609 563 4673; x_wconf 81' lang='grc' dir='ltr'>βόστρυχον</span> <span class='ocrx_word' id='word_1_413' title='bbox 583 4614 648 4674; x_wconf 81' lang='grc' dir='ltr'><em>τεμῶ</em></span> <span class='ocrx_word' id='word_1_414' title='bbox 670 4562 750 4658; x_wconf 55' lang='lat' dir='ltr'><strong>oller.</strong></span> <span class='ocrx_word' id='word_1_415' title='bbox 783 4607 939 4656; x_wconf 73' lang='lat' dir='ltr'><strong>convertisse.</strong></span> <span class='ocrx_word' id='word_1_416' title='bbox 1183 4668 1188 4678; x_wconf 42' lang='grc' dir='ltr'>Ι</span> 
     </span>
     <span class='ocr_line' id='line_1_46' title="bbox 188 4668 1347 4746; baseline -0.003 -27"><span class='ocrx_word' id='word_1_417' title='bbox 188 4672 306 4722; x_wconf 82' lang='lat' dir='ltr'><strong>Horatius</strong></span> <span class='ocrx_word' id='word_1_418' title='bbox 315 4688 357 4737; x_wconf 91' lang='lat' dir='ltr'><strong>pro</strong></span> <span class='ocrx_word' id='word_1_419' title='bbox 368 4675 482 4720; x_wconf 66' lang='lat' dir='ltr'><strong>dudonis</strong></span> <span class='ocrx_word' id='word_1_420' title='bbox 496 4674 522 4721; x_wconf 91' lang='lat' dir='ltr'><strong>in</strong></span> <span class='ocrx_word' id='word_1_421' title='bbox 533 4688 581 4721; x_wconf 83' lang='lat' dir='ltr'><strong>rem</strong></span> <span class='ocrx_word' id='word_1_422' title='bbox 592 4689 660 4721; x_wconf 85' lang='lat' dir='ltr'><strong>suam</strong></span> <span class='ocrx_word' id='word_1_423' title='bbox 674 4672 754 4738; x_wconf 86' lang='lat' dir='ltr'><strong>posuit</strong></span> <span class='ocrx_word' id='word_1_424' title='bbox 816 4672 842 4719; x_wconf 87' lang='grc'><strong>6.</strong></span> <span class='ocrx_word' id='word_1_425' title='bbox 858 4673 884 4720; x_wconf 74' lang='grc' dir='ltr'><strong>δι’</strong></span> <span class='ocrx_word' id='word_1_426' title='bbox 896 4682 917 4720; x_wconf 85' lang='lat' dir='ltr'><strong>tt</strong></span> <span class='ocrx_word' id='word_1_427' title='bbox 928 4680 998 4746; x_wconf 71' lang='lat' dir='ltr'><strong>gratu</strong></span> <span class='ocrx_word' id='word_1_428' title='bbox 1008 4674 1080 4733; x_wconf 75' lang='lat' dir='ltr'><strong>quies,</strong></span> <span class='ocrx_word' id='word_1_429' title='bbox 1096 4677 1153 4718; x_wconf 88' lang='lat' dir='ltr'><strong>cett.</strong></span> <span class='ocrx_word' id='word_1_430' title='bbox 1170 4684 1190 4716; x_wconf 83' lang='lat' dir='ltr'><strong>rr</strong></span> <span class='ocrx_word' id='word_1_431' title='bbox 1208 4668 1293 4717; x_wconf 87' lang='lat' dir='ltr'><strong>sectari</strong></span> <span class='ocrx_word' id='word_1_432' title='bbox 1311 4669 1347 4717; x_wconf 85' lang='lat' dir='ltr'><strong>vis</strong></span> 
     </span>
     <span class='ocr_line' id='line_1_47' title="bbox 189 4734 1346 4848; baseline -0.003 -65"><span class='ocrx_word' id='word_1_433' title='bbox 189 4739 256 4784; x_wconf 79' lang='lat' dir='ltr'><strong>bara.</strong></span> <span class='ocrx_word' id='word_1_434' title='bbox 290 4738 324 4788; x_wconf 87' lang='lat' dir='ltr'><strong>V.</strong></span> <span class='ocrx_word' id='word_1_435' title='bbox 335 4738 392 4785; x_wconf 88' lang='grc'><strong>497.</strong></span> <span class='ocrx_word' id='word_1_436' title='bbox 404 4737 494 4786; x_wconf 88' lang='lat' dir='ltr'><strong>Pentb.</strong></span> <span class='ocrx_word' id='word_1_437' title='bbox 506 4735 632 4803; x_wconf 74' lang='lat' dir='ltr'><strong>Biprrairl</strong></span> <span class='ocrx_word' id='word_1_438' title='bbox 651 4737 671 4786; x_wconf 83' lang='grc' dir='ltr'><strong>τ’</strong></span> <span class='ocrx_word' id='word_1_439' title='bbox 681 4736 753 4787; x_wconf 78' lang='lat' dir='ltr'><strong>lvlov</strong></span> <span class='ocrx_word' id='word_1_440' title='bbox 764 4801 768 4810; x_wconf 42' lang='grc' dir='ltr'>Ι</span> <span class='ocrx_word' id='word_1_441' title='bbox 780 4750 814 4848; x_wconf 61' lang='lat' dir='ltr'><strong>{a</strong></span> <span class='ocrx_word' id='word_1_442' title='bbox 831 4752 886 4800; x_wconf 76' lang='lat' dir='ltr'><strong>que</strong></span> <span class='ocrx_word' id='word_1_443' title='bbox 897 4749 978 4784; x_wconf 86' lang='lat' dir='ltr'><strong>ammo</strong></span> <span class='ocrx_word' id='word_1_444' title='bbox 996 4743 1038 4783; x_wconf 88' lang='lat' dir='ltr'><strong>tuo</strong></span> <span class='ocrx_word' id='word_1_445' title='bbox 1050 4742 1117 4797; x_wconf 83' lang='lat' dir='ltr'><strong>grata</strong></span> <span class='ocrx_word' id='word_1_446' title='bbox 1128 4742 1153 4782; x_wconf 87' lang='lat' dir='ltr'><strong>et</strong></span> <span class='ocrx_word' id='word_1_447' title='bbox 1162 4734 1269 4797; x_wconf 83' lang='lat' dir='ltr'><strong>jucunda</strong></span> <span class='ocrx_word' id='word_1_448' title='bbox 1281 4742 1346 4789; x_wconf 86' lang='lat' dir='ltr'><strong>suot,</strong></span> 
     </span>
     <span class='ocr_line' id='line_1_48' title="bbox 741 4818 770 4849; baseline -0.034 0"><span class='ocrx_word' id='word_1_449' title='bbox 741 4818 770 4849; x_wconf 87' lang='lat' dir='ltr'><strong>rr</strong></span> 
     </span>
    </p>
   </div>
   <div class='ocr_carea' id='block_1_7' title="bbox 0 0 1834 5892">
    <p class='ocr_par' dir='ltr' id='par_1_11' title="bbox 0 0 1834 5892">
     <span class='ocr_line' id='line_1_49' title="bbox 0 0 1834 5892; baseline 0 3"><span class='ocrx_word' id='word_1_450' title='bbox 0 0 1834 5892; x_wconf 95' lang='lat' dir='ltr'><strong> </strong></span> 
     </span>
    </p>
   </div>
  </div>
 </body>
</html>
