3659 5892
466 519 532 585 tot
871 514 1196 581 SATIRARUM

553 670 766 735 Testamenta
780 690 910 734 senum:
934 692 1010 747 neu,
1023 670 1052 733 si
1065 667 1156 733 vafer
1169 690 1254 733 unus
1269 678 1303 733 et
1317 667 1401 734 alter
1455 722 1461 729 .

488 776 532 839 25
554 772 782 837 Insidiatorem
795 793 941 856 praeroso
956 770 1078 857 digerit
1090 770 1201 848 hamo,

554 873 626 939 Aut
642 897 732 959 spem
746 875 906 959 deponas,
921 884 979 937 aut
991 884 1095 938 artem
1109 872 1225 937 illusus
1240 872 1382 937 omittes.

555 977 680 1062 Magna
693 978 837 1043 minorve
853 975 924 1041 foro
940 978 968 1039 si
981 997 1034 1039 res
1049 976 1228 1040 certabitur
1242 974 1330 1051 olim,

555 1077 654 1143 Vivet
668 1088 742 1143 uter
756 1078 902 1164 locuples
919 1079 989 1142 sine
1003 1078 1123 1162 gnatis,
1138 1077 1318 1162 improbus,
1334 1074 1420 1139 tdtro

556 1181 625 1256 Qui
639 1181 804 1245 meliorem
819 1180 929 1244 audax
943 1188 1038 1244 vocet
1051 1177 1086 1242 in
1097 1179 1164 1263 jus,
1180 1178 1267 1242 illius
1281 1188 1355 1243 esto

494 1283 537 1347 30
558 1280 742 1348 Defensor:
766 1281 851 1345 fama
866 1282 968 1346 civem
983 1302 1147 1365 causaque
1161 1280 1305 1365 priorem

560 1384 700 1469 Sperne,
716 1382 804 1448 domi
819 1384 848 1445 si
862 1392 982 1466 gnatus
996 1382 1059 1447 erit
1074 1381 1254 1446 secundave
1268 1382 1401 1465 conjnx.

560 1486 696 1562 Quinta,
712 1494 803 1569 puta,
819 1495 877 1547 aut
891 1483 992 1548 Publi
1006 1482 1164 1569 (gaudent
1179 1486 1379 1567 prsenomine
1391 1482 1503 1547 molles

558 1586 751 1671 Auriculae)‚
768 1574 827 1652 tibi
843 1608 894 1651 me
909 1587 1012 1649 virtus
1028 1596 1085 1649 tun
1100 1584 1178 1649 fecit
1192 1585 1348 1650 amicum:

559 1687 622 1753 Jus
638 1712 758 1775 anceps
773 1690 859 1767 novi,
876 1710 991 1753 causas
1006 1686 1185 1752 defendere
1199 1708 1351 1771 possum:

494 1790 538 1856 35
560 1790 692 1877 Eripiet
705 1792 811 1877 quivis
828 1791 941 1856 oeulos
955 1789 1052 1853 citius
1064 1788 1156 1865 mihi,
1171 1810 1270 1873 quant
1283 1799 1317 1852 te

561 1891 769 1958 Contemtum
783 1914 876 1957 casso
890 1912 975 1955 nuce
989 1900 1168 1974 pauperet:
1190 1888 1263 1953 haec
1276 1911 1350 1954 mea
1363 1911 1444 1954 cura
1455 1900 1517 1967 est,

559 1993 615 2059 Ne
630 1995 710 2079 quid
725 2005 761 2058 tu
776 1994 908 2079 perdas,
924 2014 990 2056 neu
1005 1992 1049 2055 sis
1059 1992 1167 2076 jocus.
1211 1990 1265 2056 Ire
1280 1990 1412 2055 domum
1426 2001 1526 2075 atque

560 2093 748 2161 Pelliculam
763 2116 878 2161 curare
888 2094 990 2179 jube:
1013 2091 1036 2156 fi
1051 2094 1201 2176 coguitor
1214 2094 1297 2177 ipse.

560 2196 689 2275 Persia,
705 2208 803 2282 atque
817 2196 956 2273 obdura,
973 2216 1033 2259 seu
1046 2196 1148 2259 rubra
1161 2193 1319 2261 Canicula
1333 2193 1439 2259 findet

475 2383 533 2441 ³89,
549 2385 600 2432 ruis
623 2384 669 2431 leo
690 2392 713 2430 et
731 2384 822 2447 colligis
838 2385 914 2431 omnio
927 2381 1038 2447 furtim
1070 2379 1181 2431 Gaudent
1188 2384 1326 2444 pannias
1335 2382 1551 2430 nollaAnrieuie:
1566 2382 1628 2431 rnol-

476 2448 574 2496 anret.
590 2446 607 2504 i,
624 2448 682 2503 293,
697 2454 721 2497 et
739 2446 772 2502 si,
791 2447 849 2501 tto,
866 2446 907 2495 ubi
924 2454 969 2501 est,
984 2462 1038 2493 ore·
1069 2444 1117 2494 tius
1133 2453 1158 2495 et
1172 2445 1272 2495 suavius
1286 2446 1317 2495 sd
1333 2460 1402 2495 sines
1417 2444 1525 2494 occidue
1535 2445 1629 2495 ridensr

475 2528 529 2559 nom
546 2526 631 2569 essere,¹
650 2512 720 2575 Virg.
734 2512 795 2562 AEu.
806 2510 823 2566 i,
834 2512 878 2568 35,
887 2520 912 2558 et
928 2510 960 2566 ri,
973 2512 1037 2569 2113
1068 2526 1206 2571 prenomen,
1217 2526 1267 2575 quo
1276 2510 1424 2567 familiariter
1433 2526 1461 2558 se
1473 2509 1575 2559 invicem
1584 2526 1628 2575 sp·

476 2574 517 2623 ubi
533 2585 660 2624 inserentes
674 2580 860 2625 cineremstossn
877 2574 1039 2639 ruere(colli·
1102 2573 1161 2623 llare
1187 2576 1266 2624 solent
1291 2574 1363 2623 amici
1393 2583 1467 2639 etque
1492 2574 1628 2640 propinqui.

476 2638 544 2705 gere)
555 2639 677 2689 dicuntur.
1108 2638 1203 2687 mmode
1220 2639 1246 2686 in
1263 2639 1326 2688 hanc
1343 2654 1393 2687 rem
1409 2640 1534 2687 Gesnerns
1548 2638 1629 2687 ebulit

509 2706 550 2752 24.
569 2704 635 2753 Unus
646 2712 667 2751 et
677 2703 747 2762 aber,
759 2718 795 2753 sc.
805 2718 889 2753 senum
899 2701 1022 2751 ditiorum.
1069 2701 1149 2751 locum
1162 2703 1287 2753 Ciceronis
1297 2702 1376 2768 Epist.
1383 2701 1416 2751 ad
1426 2704 1496 2751 Farn.
1503 2703 1522 2758 i,
1529 2705 1555 2759 9,
1565 2703 1627 2757 Quo-

508 2770 550 2819 25.
567 2767 727 2817 insidiatorem
743 2784 843 2830 praeroso
849 2768 948 2843 fugerit
962 2770 1036 2824 Moto,
1069 2767 1176 2833 sumque
1185 2769 1225 2815 iili
1235 2770 1342 2816 interm
1352 2784 1421 2815 saun
1433 2768 1543 2816 Publium
1555 2768 1627 2832 (Clo-

476 2838 559 2889 artenr,
581 2847 631 2896 que
647 2830 788 2881 insidiantes
807 2830 897 2881 divitiis
915 2830 966 2879 suis
985 2831 1037 2879 elu·
1068 2829 1161 2895 diurn),
1181 2835 1265 2880 clami
1283 2833 1340 2881 eiiii
1358 2834 1404 2894 ipsi
1423 2833 1499 2880 olias·
1518 2833 1627 2882 Publius·

477 2895 552 2957 serit;
569 2904 626 2945 nota
639 2896 727 2959 imago,
744 2896 818 2945 ducta
834 2910 849 2944 s
865 2894 981 2961 piscibus,
996 2896 1040 2958 qai
1071 2895 1238 2959 (Vatinium),
1253 2899 1279 2943 in
1290 2914 1335 2960 qno
1344 2912 1427 2958 possen
1438 2898 1533 2950 ittam
1543 2900 1628 2945 asinos

476 2974 557 3009 motin
574 2959 645 3009 hamo
662 2962 756 3009 affixam
773 2958 909 3025 prerodunt
930 2957 1038 3023 quidem,
1070 2976 1241 3025 -rspungers,
1249 2960 1353 3009 vicissim
1364 2975 1479 3025 pungere.

477 3022 519 3072 sed
542 3022 586 3071 illa
604 3038 705 3090 prerose
724 3023 859 3088 aufugiunt,
877 3038 922 3073 nec
939 3038 966 3072 se
984 3024 1039 3089 capi
1102 3024 1145 3073 ³4.
1161 3026 1303 3087 Jssenrsps,
1315 3040 1329 3073 e
1341 3040 1390 3089 quo
1400 3024 1522 3090 duplicem
1532 3040 1626 3073 amns

478 3086 611 3153 patiuntur.
636 3089 750 3143 Munera,
763 3087 1038 3153 abberaditrtumcnp·
1069 3086 1137 3137 elicit
1150 3088 1241 3142 callide
1253 3088 1423 3163 interpmtin
1435 3089 1486 3143 sive
1499 3090 1531 3140 de
1540 3089 1627 3154 quoin

478 3152 595 3201 tatoribus
613 3152 695 3207 misse,
714 3159 881 3218 comparantur
899 3168 955 3201 cunr
971 3167 1036 3209 esca,
1069 3153 1627 3219 utramquepartemdrsputatur3bincjus,sup.

478 3230 527 3328 ga
541 3214 669 3327 qnpinqntur
684 3215 771 3282 pisces.
806 3214 871 3329 lliiqc
885 3215 1038 3329 Maritsiaalppd,
1070 3215 1492 3332 ⁸⁸37fi'il313i'diiimmm
1528 3282 1553 3331 N

514 3314 566 3335 ‚,
617 3297 790 3329 stammana
862 3296 984 3336 emm,
1136 3318 1143 3337 ‚
1206 3298 1280 3331 -Τί
1320 3298 1461 3339 mmm
1553 3298 1625 3331 ΟΜΖ

478 3346 541 3393 misit
556 3347 582 3391 in
599 3346 671 3402 lamo
688 3344 731 3394 sed
741 3297 943 3409 inisiiuanqum
957 3358 1038 3393 esrem
1070 3346 1201 3409 Postqusm
1224 3346 1342 3410 ejusmodi
1360 3346 1468 3396 emtione
1486 3362 1626 3412 propensum

479 3407 510 3456 ad
526 3416 559 3465 te,
579 3416 694 3473 tanquam
714 3409 804 3473 piscem
824 3407 849 3458 in
873 3409 952 3465 hamo,
969 3409 1036 3474 capi·
1068 3408 1112 3457 tibi
1128 3408 1252 3459 reddidisti
1267 3409 1349 3459 divitis
1363 3410 1429 3459 senis
1445 3411 1627 3477 animnm‚jnbe

479 3472 577 3521 endum.
1069 3488 1125 3521 eum
1143 3474 1241 3522 domum
1257 3476 1300 3533 ire,
1317 3484 1341 3524 et
1362 3474 1395 3523 ibi
1417 3474 1509 3539 corpori
1525 3476 1626 3525 molliter

511 3538 553 3587 27.
580 3537 605 3585 Si
623 3538 685 3593 olim,
711 3536 854 3601 siquando,
873 3535 893 3584 si
912 3535 1039 3611 quolorte
1069 3536 1196 3587 nectendo
1215 3548 1287 3604 etque
1303 3539 1430 3589 morundo
1446 3554 1531 3589 securo
1549 3541 1628 3589 anino

479 3609 673 3732 tentoriis
687 3602 1039 3729 ttttititnttt
1068 3602 1627 3733 iffindss'ssslll'ill‘lllssili‘sffi

478 3734 595 3791 scripseris
604 3732 667 3778 olim.
1068 3745 1138 3778 suam
1161 3746 1267 3795 perorare
1290 3732 1370 3790 debet,
1391 3732 1497 3798 snwipe.
1535 3734 1626 3783 Ancon.

510 3796 551 3851 28,
572 3794 615 3843 29.
643 3794 707 3843 Vivet
727 3804 795 3845 nter:
820 3803 873 3842 oter
895 3794 1037 3843 certantium
1069 3793 1182 3850 Pedion„
1196 3796 1243 3850 Qos'
1252 3796 1357 3861 defendit
1366 3798 1501 3845 absumis
1502 3800 1627 3859 jndicio-

479 3859 577 3921 locuples
597 3860 657 3906 oioet
678 3860 726 3905 sine
747 3860 817 3913 notis,
840 3858 910 3906 hono
931 3864 1037 3907 ceterum
1068 3862 1375 3922 eogsitoeest‚sipreustis
1384 3865 1627 3911 samsonitsesie

478 3924 602 3983 improbus,
613 3921 655 3986 qui
665 3924 742 3971 nudos
751 3925 865 3971 meliorem
876 3920 1037 3986 (probiorem)
1069 3931 1150 3971 tuetur
1158 3934 1187 3972 ut
1196 3941 1277 3971 suom:
1293 3923 1343 3971 vid.
1353 3926 1448 3973 Ernest.
1459 3924 1484 3972 in
1495 3925 1565 3975 clav.
1572 3926 1626 3976 Cic.

479 3988 505 4033 in
513 3989 556 4047 jas
568 3996 627 4034 uocet
638 3988 710 4043 ultro,
721 4001 770 4034 non
786 3985 876 4051 injuria
890 3984 973 4049 aliqua
983 4002 1037 4051 pro·
1069 4000 1089 4035 s.
1097 4003 1122 4035 v.
1135 3988 1254 4051 cognitor,
1262 3997 1287 4037 et
1297 3988 1387 4037 Heind.
1399 3989 1430 4037 ad
1441 3989 1468 4037 b.
1479 3990 1497 4040 l.

479 4058 586 4103 vocatus,
600 4049 804 4099 sineullscsuss.
1101 4052 1208 4101 ³9-41.
1234 4052 1325 4109 Penta,
1343 4064 1412 4116 otqns
1429 4056 1532 4103 obduro:
1553 4054 1625 4104 Osid.

511 4114 553 4169 30,
566 4115 607 4161 31.
625 4114 697 4161 Fano
714 4118 793 4170 civem,
808 4120 865 4163 cett.
898 4113 935 4161 At
950 4113 1036 4173 uitem,
1069 4114 1128 4164 Am.
1137 4115 1224 4173 iii‚11.
1237 4118 1262 4174 7,
1272 4116 1380 4166 molliore
1391 4133 1499 4174 nurnero,
1511 4119 1627 4184 Pegseret

479 4176 500 4225 si
516 4176 539 4225 ei
556 4177 619 4225 filius
635 4185 679 4227 eut
692 4178 797 4227 lecunds
811 4178 901 4243 conjux
916 4178 1038 4235 erit,licet
1068 4181 1165 4231 obduro.
1198 4181 1329 4229 Seurnbra
1341 4183 1534 4237 Cuniculoeett.
1565 4185 1625 4232 Sen-

403 4282 407 4293 .
479 4241 567 4291 istem
587 4242 651 4291 bona
670 4242 822 4307 famaquam
841 4257 923 4297 causa,
941 4258 972 4293 ex
989 4260 1039 4307 qus
1068 4258 1124 4291 sus:
1142 4244 1199 4293 Sive
1214 4245 1273 4294 solis
1289 4246 1367 4302 ardor,
1385 4246 1436 4295 sive
1452 4246 1538 4295 biennis
1551 4246 1627 4312 trigas

478 4304 545 4355 litem
557 4305 630 4355 alicui
640 4306 750 4363 intendit,
758 4308 789 4357 sit
798 4307 883 4373 potior,
890 4309 1037 4370 spernens.
1069 4307 1113 4356 tibi
1124 4308 1288 4385 perferendum
1297 4318 1342 4361 est.
1360 4309 1402 4363 Ad
1412 4310 1475 4360 banc
1485 4312 1626 4361 sententiam

479 4370 589 4421 defensor
599 4371 622 4421 ei
633 4370 782 4421 ndessenoli.
1068 4373 1256 4438 exprimendam,
1272 4384 1299 4425 at
1316 4376 1393 4425 obiter
1407 4374 1494 4425 rideret
1509 4375 1626 4425 tumidum

511 4436 617 4485 32—38.
636 4436 732 4493 Quinte,
746 4447 813 4499 puto,
829 4446 871 4485 aut
886 4435 967 4492 Publi,
980 4445 1038 4486 cett.
1167 4475 1174 4495 ‚
1187 4440 1208 4486 F
1208 4444 1287 4489 urium
1299 4440 1446 4497 limabo,
1458 4440 1519 4489 tlttns
1535 4440 1626 4507 ineptes

480 4502 587 4551 Nesus:
616 4500 722 4551 Divitem
746 4516 827 4551 senem
853 4508 943 4557 eutem,
966 4516 1038 4565 quern
1079 4502 1203 4552 ocutiones
1216 4504 1626 4571 exFuriicarminibusdepromtss

479 4566 563 4617 officiis
573 4565 622 4615 tuis
636 4581 722 4631 capre
736 4574 761 4613 et
776 4565 818 4615 tibi
829 4564 948 4614 devincire
960 4565 1038 4632 cupis,
1070 4565 1129 4616 risui
1150 4568 1280 4633 exposuit3
1304 4579 1386 4619 statue
1405 4569 1470 4619 enim
1486 4584 1579 4628 reeens,
1594 4585 1624 4619 ex

478 4630 596 4681 e'usmodi
616 4630 696 4679 serbis
713 4629 877 4679 blandioribus
899 4628 1036 4695 alloquere:
1070 4630 1087 4679 li
1122 4632 1219 4697 equod
1239 4633 1297 4682 solis
1319 4643 1379 4682 sesto
1396 4634 1454 4683 lindi
1470 4634 1540 4691 solet,
1557 4634 1625 4682 t'scte

479 4646 606 4752 Eiristios,
618 4695 651 4745 mi
668 4692 769 4755 Quinte,
778 4701 820 4743 ent
836 4694 869 4742 mi
884 4693 969 4751 Publi,
980 4704 1038 4746 cett.
1069 4648 1171 4747 ridicule
1190 4696 1310 4757 dicuntur,
1329 4698 1445 4764 isefostss:
1472 4707 1497 4749 et
1513 4698 1540 4749 in
1558 4713 1625 4749 sust
