3659 5892
654 542 885 611 CARMEN
911 545 962 611 16.

317 697 391 763 Nos
406 706 516 763 manet
531 697 686 763 Oceanus
701 700 944 783 circumvagus!
967 719 1056 776 arva,
1070 696 1169 763 beata

359 799 515 864 Petamus
530 820 618 880 arva,
633 800 750 865 divites
765 810 800 865 et
814 799 954 864 insulas!

320 900 447 967 Reddit
461 901 520 965 ubi
535 901 690 967 Cererem
703 901 800 967 tellus
815 902 941 966 inarata
955 901 1141 985 quotannis,

361 1002 409 1067 Et
423 1004 583 1088 imputata
596 1003 693 1070 floret
707 1026 811 1088 usque
826 1003 939 1080 vinea3

256 1106 299 1171 45
320 1105 492 1172 Germinat
506 1118 540 1173 et
554 1130 719 1191 nunqnam
733 1105 873 1170 fallentis
889 1116 1008 1171 termes
1023 1102 1128 1181 olivae,

363 1208 528 1293 Suamque
543 1208 632 1294 pulla
644 1209 727 1275 ficus
743 1218 838 1274 ornat
851 1208 1018 1286 arborem;

320 1310 424 1376 Mella
437 1333 517 1376 cava
530 1322 662 1376 manant
674 1334 717 1375 ex
732 1310 816 1388 ilice,
831 1309 996 1375 montibus
1011 1306 1085 1373 altis

362 1411 462 1478 Levis
479 1422 633 1498 crepante
648 1412 780 1498 lympha
794 1410 904 1477 desilit
918 1409 1015 1496 pede.

320 1512 390 1579 Illic
405 1514 538 1599 injussae
553 1516 687 1580 veniunt
700 1514 741 1578 ad
757 1512 894 1578 mulctra
909 1511 1055 1598 capellae,

257 1615 300 1680 50
363 1615 546 1701 Refertque
562 1626 652 1681 tenta
666 1638 749 1701 grex
763 1616 885 1680 amicus
900 1616 1021 1680 ubera:

320 1716 394 1782 Nec
409 1719 614 1803 vespertinus
630 1716 852 1802 circumgemit
865 1738 964 1781 ursus
979 1715 1074 1795 ovili3

363 1819 437 1885 Nec
452 1820 638 1884 intumescit
652 1818 718 1883 alta
731 1818 851 1903 viperis
866 1818 996 1883 liumus.

321 1920 423 1986 Nulla
437 1934 556 1988 nocent
570 1922 682 2007 pecori
696 1920 858 2006 contagia,
873 1920 993 1985 nullius
1007 1919 1088 1985 astri

366 2023 512 2110 Gregem
526 2034 667 2089 aestuosa
682 2031 784 2087 torret
798 2023 1000 2108 impotentia.

235 2156 343 2222 effusas:
369 2166 392 2205 et
406 2160 425 2206 si
439 2175 504 2221 enen
518 2158 589 2207 telins
602 2164 701 2205 eetrsna
718 2156 797 2223 resino
829 2157 886 2207 net.
902 2157 936 2215 iv,
952 2158 995 2206 22.
1028 2156 1141 2219 &pente
1155 2159 1221 2220 pede,
1238 2155 1306 2207 dulci
1322 2173 1386 2209 tnur-

235 2222 354 2269 Suinonet
371 2222 468 2272 Οιιιιιι.
503 2222 702 2279 Βίυίιιιὶιιιιιὶιι,
719 2220 796 2287 μακά·
829 2238 910 2273 murs:
930 2222 1031 2271 Lucret.
1046 2221 1141 2279 nats,
1156 2230 1181 2273 ct
1197 2222 1230 2279 vi,
1245 2223 1304 2283 653,
1318 2240 1387 2286 super

236 2286 402 2351 ριννὴσιυς,
415 2287 559 2335 Fortunatas
573 2285 674 2341 insulas,
707 2302 738 2335 uo
753 2301 796 2335 uo·
830 2296 893 2335 tetra
906 2287 970 2351 fluit
988 2288 1080 2349 agmine
1100 2287 1175 2343 anm,
1198 2288 1309 2343 Quavis
1326 2298 1387 2337 secta

236 2302 797 2416 mineapudveterescanquaenuncdnncrie
827 2352 894 2399 senet
921 2352 1009 2415 &nido
1032 2352 1090 2412 pede
1119 2353 1204 2400 detulit
1230 2353 1322 2400 andes:
1354 2351 1387 2402 et.

235 2422 361 2473 vocantur,
372 2414 509 2479 designatas
525 2414 608 2473 tuisse,
622 2414 672 2479 jam
685 2414 726 2461 alii
742 2430 796 2479 pro·
829 2414 931 2465 ltlitsch.
959 2415 1015 2463 Illic
1031 2418 1124 2478 injurie
1136 2417 1388 2466 oeninntndnslctre

236 2478 318 2527 batum
335 2479 408 2528 lvere.
441 2482 486 2529 Est
504 2488 582 2555 autem
602 2480 687 2527 hatum
705 2478 797 2527 insula·
829 2482 937 2541 capelle:
964 2478 1033 2543 virg.
1056 2477 1111 2527 Ecl
1130 2478 1164 2536 iv,
1186 2481 1228 2535 21,
1252 2480 1310 2542 lpse
1329 2481 1387 2529 lacte

236 2558 294 2681 aa
307 2543 799 2683 tritttattrnmtt
829 2542 1049 2617 ”s
1063 2544 1389 2673 matinata

237 2680 272 2719 tta
289 2680 425 2738 comparata
443 2673 581 2739 descriptio,
600 2680 625 2719 nt
645 2680 739 2736 poetam
759 2687 800 2721 aas
831 2680 938 2721 amanter
956 2687 1026 2738 quasi
1046 2687 1147 2721 munera
1166 2686 1211 2721 sus
1229 2671 1333 2721 dominis
1351 2673 1387 2723 ol·

237 2734 396 2801 potissimum,
414 2736 440 2785 in
451 2751 521 2803 quas,
532 2752 587 2802 quse
600 2736 716 2801 poetaede
728 2751 800 2785 aures
830 2737 884 2785 lert.
915 2736 965 2785 Nec
982 2739 1123 2799 vespertinam
1140 2739 1299 2801 circumgemit
1318 2754 1389 2787 arses

238 2808 308 2849 etate
318 2801 445 2859 nonenim,
457 2801 600 2857 nanetensi,
612 2800 658 2849 sibi
675 2799 798 2865 delegisse,
831 2802 901 2849 ouili:
921 2800 992 2863 Virg.
1003 2800 1066 2849 Geo.
1083 2800 1118 2857 iii,
1129 2800 1187 2859 537,
1201 2801 1250 2850 Nec
1264 2802 1333 2863 tapete
1348 2804 1387 2851 in·

239 2865 303 2915 baud
323 2865 422 2915 mireris.
460 2867 619 2940 Obyersatum
635 2880 731 2939 quoque
750 2864 798 2913 lor·
830 2866 897 2913 sidiis
911 2866 1014 2927 eptem
1024 2866 1096 2913 ovilia
1106 2868 1204 2921 circam
1218 2866 1267 2938 Nec
1278 2869 1389 2930 gregibus

239 2929 798 3059 ttttt‘t‘ttttttttttttitt:
830 2940 958 3043 litiis.
973 2929 1390 3057 tttttstttttttr

239 3074 265 3123 p.
288 3061 336 3107 453
359 3058 459 3115 monuit,
486 3058 614 3108 consilium
641 3056 711 3113 illud,
733 3057 799 3121 quod
831 3074 889 3113 mas,
910 3073 954 3107 nec
974 3064 1036 3107 terra
1058 3056 1103 3107 etit
1120 3057 1222 3124 viperas,
1243 3058 1282 3108 vel
1303 3058 1390 3125 viperis

239 3123 355 3173 Sertorius
371 3124 676 3180 U.C.nes1xxsn,cnm
690 3122 744 3185 ejus
761 3138 799 3171 res
831 3123 900 3187 quasi
919 3121 1018 3186 pavida
1036 3131 1088 3181 est,
1111 3125 1242 3171 intumescit
1261 3122 1389 3174 sublimius

239 3186 265 3235 in
285 3187 332 3236 His
380 3187 404 3235 ia
426 3186 451 3235 in
470 3202 589 3237 summum
608 3185 735 3235 discrimen
755 3187 797 3235 ad-
831 3186 862 3235 ad
878 3195 965 3235 terram
978 3186 1096 3243 nanstert,
1112 3187 1178 3252 qnod
1196 3187 1220 3236 vi
1251 3187 1284 3235 ris
1297 3204 1390 3239 veneno

239 3250 318 3301 dnctte
339 3251 438 3309 uiasent,
455 3252 479 3300 in
493 3251 585 3299 insulas
596 3250 738 3299 Fortunatas
749 3258 797 3299 tra·
830 3252 979 3300 tumentibus
999 3250 1124 3325 proprium
1144 3261 1196 3301 est:
1240 3269 1307 3301 amas
1328 3255 1388 3310 sita,

241 3315 338 3365 'iciendi
358 3316 451 3383 cepisse
472 3316 575 3365 dicitur:
603 3314 651 3363 vid.
674 3315 800 3364 Plutarch.
832 3332 899 3373 num,
920 3315 980 3380 qnia
998 3332 1025 3363 ιιι
1044 3316 1112 3365 terris
1130 3315 1255 3367 altioribus
1271 3315 1311 3365 vel
1329 3315 1390 3366 locis

236 3332 258 3428 l.
270 3381 287 3428 1.
316 3382 402 3430 Reddit
416 3380 575 3437 Cernentm
592 3395 617 3428 es
632 3379 691 3428 lert:
709 3380 802 3445 proprie
832 3379 966 3429 acclivibus
988 3378 1065 3427 lustra
1082 3395 1127 3430 sua
1145 3380 1233 3430 babere
1254 3379 1332 3430 solent
1353 3381 1388 3431 vi·

240 3444 336 3509 quidem
350 3445 454 3493 Cererem
469 3448 563 3493 melden
573 3394 662 3491 dicitur
677 3458 733 3506 ager
748 3445 801 3493 cul·
833 3446 912 3509 peret
930 3452 956 3492 nt
971 3444 1013 3500 sit,
1024 3459 1070 3493 nec
1081 3454 1190 3493 montosa
1199 3444 1234 3493 ibi
1244 3453 1282 3493 est
1292 3446 1389 3505 bamus

240 3516 279 3557 tus
297 3517 321 3558 et
342 3517 431 3565 aratus,
451 3508 494 3573 qui
513 3524 595 3559 semen
614 3506 660 3557 sibi
684 3508 800 3557 creditum
833 3524 888 3573 que
905 3507 992 3581 viperis
1008 3510 1161 3557 intumescat.
1195 3509 1222 3557 Si
1239 3518 1343 3559 statuere
1358 3510 1390 3559 li-

240 3587 297 3648 cnm¹
315 3574 503 3629 loenorereddit,
515 3574 574 3622 h.e.
591 3572 801 3645 largasllrugesex
834 3580 895 3629 cest,
916 3572 1026 3646 librarios
1046 3572 1145 3623 tortasse
1165 3573 1191 3621 iu
1209 3588 1225 3646 e
1243 3572 1318 3622 itbeto
1336 3574 1391 3623 voci

240 3636 801 3813 pttttt‘tttett‘ttt‘tttttttt:
833 3638 916 3749 liii?
926 3635 1392 3761 :ititttttttttt‘tttt

251 3776 314 3816 atam
332 3767 439 3816 illames
451 3782 522 3816 aures
534 3773 603 3815 etate
614 3765 643 3814 ad
656 3765 800 3815 Fortunatas
834 3765 864 3813 ad
882 3764 1111 3830 uincit-viperarum
1130 3781 1250 3815 venenum
1268 3766 1391 3815 referatur.

241 3829 333 3880 insulas
347 3836 374 3881 de
387 3848 498 3895 agrorum
513 3834 660 3879 inaeniorum
668 3830 802 3894 fertilitate
835 3829 910 3877 Natta
922 3832 1002 3877 nocent
1016 3832 1093 3892 pecori
1105 3833 1223 3893 contagia,
1235 3845 1275 3879 aer
1289 3830 1324 3878 ibi
1341 3831 1391 3897 spi·
1427 3836 1433 3847 ’

241 3896 384 3945 sententiam
405 3904 509 3961 quatuor
525 3894 633 3945 versibus
654 3902 724 3959 poeta
745 3894 800 3958 pul·
833 3901 871 3942 rat
897 3893 1073 3941 saluberrimus.
1117 3895 1223 3942 AEstnosn
1249 3897 1392 3956 inpotentia,

242 3960 298 4008 chre
322 3959 486 4025 amplificavit.
527 3956 695 4024 comparanda
721 3968 802 4007 sutem
833 3973 929 4023 nempe,
950 3966 978 4006 ut
999 3972 1054 4020 sup.
1075 3957 1111 4015 iii,
1133 3959 1173 4015 1³,
1190 3960 1206 4007 9
1225 3958 1322 4016 dicitur,
1339 3962 1392 4025 jie-

243 4038 297 4072 cum
315 4022 416 4073 Horatio
432 4040 462 4073 es
481 4030 603 4089 poetarum
622 4022 685 4079 loca,
705 4038 759 4086 qnae
777 4022 803 4071 in
831 4026 925 4087 grantis
946 4032 1011 4069 atros
1033 4024 1090 4070 tora
1114 4024 1255 4071 Cannaless
1278 4023 1392 4073 Ceterum

242 4102 319 4137 auree
343 4088 421 4137 etatis
442 4087 600 4152 descriptione
624 4095 754 4144 versantur,
777 4087 803 4135 in
834 4102 918 4135 versus
934 4087 966 4134 53
980 4094 1006 4134 et
1021 4089 1063 4142 st,
1076 4087 1118 4151 qni
1135 4086 1162 4135 in
1178 4087 1247 4137 editt.
1264 4096 1322 4137 vett.
1339 4098 1394 4154 post

243 4168 339 4265 fflue
359 4153 409 4201 iere
430 4160 501 4218 pocta
519 4152 597 4201 obvia.
637 4152 707 4199 Ficus
725 4152 802 4212 petto,
834 4166 930 4201 versum
948 4151 981 4198 62
1003 4162 1128 4225 apparent,
1149 4151 1201 4216 jam
1223 4151 1254 4201 ab
1276 4151 1339 4209 eliis,
1361 4169 1392 4203 ne

323 4216 418 4273 coloris,
438 4216 517 4281 qualis
535 4224 572 4265 est
590 4215 678 4265 ficuum
697 4222 803 4264 matura-
835 4230 930 4263 omnem
955 4214 990 4261 ibi
1010 4224 1180 4265 sententiarum
1202 4232 1291 4266 uerum
1312 4218 1393 4268 tnrba-
1471 4212 1476 4221 '

243 4296 310 4329 mm:
330 4290 397 4328 ernnt
412 4298 477 4329 sunm
492 4283 602 4337 arboren,
620 4280 646 4328 in
663 4294 707 4328 sua
725 4280 802 4328 nesci-
835 4280 955 4335 rent‚l1nc
967 4280 1101 4345 transpositi
1115 4288 1181 4329 snut.
1213 4281 1261 4331 Sed
1272 4296 1329 4329 cum
1343 4290 1392 4331 sta·

244 4354 282 4395 tur
302 4345 393 4401 arbore,
412 4360 460 4394 non
479 4344 504 4392 in
523 4344 646 4393 frondibus
664 4344 802 4408 peregrinis,
835 4342 878 4391 tim
900 4342 926 4391 iu
947 4343 1054 4393 versibus
1073 4344 1229 4409 sequentibus
1251 4345 1282 4393 da
1300 4344 1394 4397 mitiora

244 4409 269 4457 h.
289 4425 312 4458 e.
334 4425 376 4476 per
396 4409 515 4458 insitionis
536 4424 550 4457 o
584 4425 595 4457 ι
617 4407 752 4473 adoptatis:
773 4406 803 4458 de
836 4408 897 4457 acris
912 4408 1025 4473 temperie
1038 4418 1174 4470 agatense
1190 4408 1338 4473 hicquidem
1354 4426 1393 4459 sa-

245 4474 335 4523 ficuum
351 4473 463 4524 insitione
478 4472 527 4522 vid.
557 4476 605 4521 'ato
619 4471 707 4529 xttt,1‚
726 4472 803 4521 Colu-
836 4471 868 4520 tis
883 4480 1043 4537 opportunum
1059 4473 1140 4521 locnm
1150 4482 1279 4538 occupant.
1311 4474 1395 4525 Facile

245 4538 312 4587 mett.
328 4556 352 4594 v,
370 4540 409 4593 ll,
422 4538 452 4587 7:
470 4554 521 4593 ersa,
539 4536 647 4586 similiter
658 4534 722 4601 apud
736 4535 805 4601 Virg.
837 4535 909 4599 igitur
926 4537 1122 4594 acescentis,
1141 4536 1185 4603 qui
1204 4538 1248 4587 bos
1264 4536 1324 4585 duos
1341 4552 1393 4587 ver-

247 4602 309 4652 Geo.
328 4601 354 4659 ii,
371 4604 412 4657 82,
432 4604 502 4651 arbor
521 4618 589 4650 nouas
600 4602 699 4667 frondes
716 4610 738 4649 et
759 4618 804 4650 non
835 4614 887 4657 sus,
914 4599 972 4649 licet
998 4600 1099 4650 Horatio
1125 4599 1192 4650 baud
1217 4602 1337 4665 indiguos,
1363 4604 1394 4652 ab

245 4670 458 4729 ssapomcmirari
472 4665 568 4714 dicitnr.
601 4665 741 4713 Mellccava
756 4681 804 4712 ma-
836 4664 1000 4714 alienemsnu
1010 4665 1338 4731 importatosesseststuuttt.

247 4742 305 4780 nent
322 4746 348 4779 es
365 4733 432 4781 ilice:
448 4730 481 4780 cl.
493 4729 586 4779 Tibull.
600 4729 617 4785 i,
633 4730 658 4783 3,
674 4730 714 4787 45,
736 4728 805 4794 Virg.
