3659 5892
460 496 526 561 392
876 495 1200 564 SATIRARUM

549 646 641 720 Quid
653 650 666 711 i
688 669 789 732 quum
803 649 934 715 Picenis
948 670 1129 733 excerpens
1145 648 1267 713 semina
1281 644 1398 732 ponam,

548 748 698 827 Gaudes,
714 752 742 813 ei
756 772 915 817 cameram
930 751 1075 835 percusti
1089 748 1185 827 forte,
1201 769 1301 833 penes
1315 758 1348 812 te
1363 749 1437 811 est·

550 849 666 922 Quint
689 874 789 935 quum
804 852 902 917 balba
916 851 994 917 feris
1009 872 1133 916 annoso
1147 852 1249 915 verba
1262 848 1384 934 palato,

462 951 528 1015 275
548 950 751 1018 AEdificonte
765 975 857 1019 cosas
872 951 930 1037 qui
945 953 1074 1017 saniori
1118 951 1220 1017 Adde
1234 970 1384 1016 cruorem

549 1051 714 1131 Stultitiae,
729 1064 827 1138 atque
842 1057 951 1138 ignem
967 1052 1077 1137 gladio
1092 1064 1239 1117 scrutare
1252 1052 1363 1127 modo,
1377 1050 1524 1132 inquam·

550 1152 690 1219 Hellade
706 1176 863 1239 percusse
877 1136 1122 1237 Marius'quum
1135 1154 1321 1238 praecipitat
1338 1174 1385 1229 se,

551 1252 698 1320 Cernitus
715 1253 799 1319 fuiti
821 1278 862 1319 an
877 1264 1046 1321 commotae
1059 1254 1193 1323 crimine
1207 1255 1324 1317 mentis
1457 1334 1464 1343 ι

551 1353 715 1420 Absolves
729 1354 903 1433 hominem,
918 1366 954 1419 et
968 1354 1099 1420 sceleris
1114 1355 1283 1419 damnabis
1297 1353 1449 1430 eundem,

465 1457 531 1521 280
553 1456 609 1521 Ex
624 1478 712 1521 more
726 1457 895 1541 imponens
909 1465 1050 1541 cognate
1063 1452 1222 1521 vocabula
1235 1456 1357 1521 rebusi

552 1556 743 1621 Libertinus
758 1566 840 1634 erat,
856 1558 913 1640 qui
928 1558 1051 1622 circum
1064 1558 1205 1641 compita
1218 1558 1325 1623 siccus

552 1656 669 1723 Lautis
683 1678 777 1721 mene
793 1678 893 1721 senex
908 1659 1058 1723 manibus
1072 1660 1244 1737 currebat;
1266 1669 1312 1736 et,
1328 1657 1451 1733 Unum,

552 1758 721 1832 Quiddom
735 1780 886 1843 magnum
903 1760 1042 1837 addens,
1058 1782 1159 1824 unum
1172 1782 1223 1824 me
1238 1760 1364 1843 surpite
1378 1758 1487 1834 morti,

553 1860 628 1924 Diis
644 1860 762 1926 etenim
776 1858 870 1925 facile
885 1870 949 1937 est,
964 1861 1097 1927 orabat:
1121 1883 1220 1925 sanus
1235 1862 1383 1944 utrisque

467 2042 532 2077 more
542 2029 675 2087 mutabilia,
685 2029 784 2088 incerta,
795 2039 821 2081 et
831 2046 901 2081 escon
913 2031 971 2080 sorti
982 2031 1025 2081 ob-
1090 2032 1148 2081 276.
1165 2034 1240 2096 Atque
1257 2034 1344 2105 ignen,
1360 2036 1446 2096 pactos
1460 2024 1554 2077 umoris
1566 2023 1625 2097 igne

469 2092 548 2149 noxie,
560 2092 591 2140 ad
602 2102 690 2143 certam
707 2094 822 2143 rationem
833 2110 911 2158 regere
926 2102 950 2143 et
960 2106 1026 2144 eom·
1057 2109 1186 2145 accensum
1195 2114 1204 2157 ς
1223 2096 1273 2143 niu
1290 2095 1354 2159 quis,
1371 2095 1523 2156 obsequens
1540 2096 1624 2137 statam

468 2170 564 2221 poscere
579 2156 677 2213 laboret,
689 2160 709 2207 is
719 2160 792 2206 nihilo
802 2160 855 2220 plus
867 2160 972 2221 esplicet,
983 2174 1025 2208 er·
1057 2160 1196 2224 exemplum
1210 2160 1326 2215 Helladis,
1340 2160 1470 2223 perignem
1486 2152 1625 2225 intelligere

468 2218 557 2285 pediti,
570 2220 684 2284 proficiat.
696 2238 723 2268 oc
733 2225 762 2278 si,
774 2230 831 2271 cett.
1058 2222 1127 2271 malit
1136 2225 1246 2284 puellum,
1258 2238 1313 2285 qun
1331 2222 1417 2271 amoris
1433 2220 1516 2285 mrtem
1531 2218 1624 2265 immo-

500 2284 558 2338 272,
576 2284 634 2332 273.
664 2285 742 2339 Quid?
764 2304 834 2359 ouum
852 2286 954 2344 Picenis,
970 2293 1027 2335 cett.
1060 2286 1098 2335 tit.
1131 2288 1250 2335 Parmeno
1259 2302 1356 2351 quoqne
1367 2285 1433 2351 apud
1442 2278 1625 2332 Terentiumin

469 2346 552 2409 Pergit
561 2346 687 2397 Stertinius
703 2348 810 2397 udalrud
826 2348 851 2396 in
866 2364 946 2397 amore
962 2349 1027 2397 inss-
1060 2349 1113 2399 loco
1133 2351 1166 2406 ei,
1188 2366 1261 2423 quem
1283 2349 1397 2398 Horatius
1414 2344 1563 2396 hexametris
1582 2359 1624 2391 ex·

469 2410 515 2457 nite
527 2426 610 2472 genus,
618 2412 708 2460 scilicet
719 2412 750 2460 nd
762 2412 961 2478 superstitionem,
968 2427 1026 2476 qua,
1059 2414 1152 2486 pressit,
1161 2414 1249 2468 vicino,
1258 2413 1374 2462 Thaidem
1385 2415 1462 2475 ὶςιιιπι
1471 2418 1555 2463 vocat,
1566 2408 1626 2456 Acts

469 2472 511 2536 qui
523 2482 612 2531 amant,
625 2490 651 2523 se
667 2484 708 2523 sut
719 2476 821 2523 inustum
838 2484 882 2524 aut
896 2476 1027 2525 infaustum
1059 2493 1077 2533 r,
1090 2478 1131 2526 Sc.
1140 2480 1165 2531 2.
1178 2480 1203 2535 5,
1215 2479 1300 2525 Amne
1314 2480 1345 2525 od
1362 2480 1439 2540 ignem
1456 2476 1519 2521 hune
1531 2476 1546 2535 (
1552 2472 1624 2518 71αὲ-

469 2537 555 2586 amoris
569 2538 606 2587 sui
623 2548 734 2588 eventurn
750 2540 872 2603 exquirere
890 2556 958 2603 posse
974 2540 1026 2605 opi·
1058 2542 1135 2599 dein),
1144 2544 1199 2603 jorn
1214 2542 1307 2589 mlesces
1322 2542 1375 2602 plus
1390 2542 1462 2587 sotis.-
1480 2537 1556 2599 Virg.
1567 2534 1625 2582 Ecl.

469 2609 566 2649 uantur.
599 2602 736 2651 Huc'relert
747 2618 1027 2667 moremexquoamao·
1059 2604 1095 2659 iii,
1107 2606 1149 2660 66,
1160 2621 1223 2653 nseus
1232 2607 1295 2667 ignis
1304 2606 1423 2667 Amyntas.
1457 2601 1547 2650 Gladio
1557 2615 1626 2646 scru-

470 2672 506 2712 tes
522 2680 644 2729 pomorum
661 2666 752 2715 semina
761 2666 800 2715 vel
817 2667 915 2715 nucleos
925 2666 1028 2715 duorum
1059 2676 1125 2715 tore:
1152 2682 1210 2717 ense
1238 2676 1344 2733 percute,
1370 2666 1497 2729 transfige:
1527 2666 1625 2712 Lucan·

469 2728 596 2791 primorum
609 2729 737 2793 digitorum
753 2744 806 2778 com
824 2731 928 2779 sessione
943 2740 968 2779 et
983 2730 1028 2778 im·
1061 2730 1175 2787 vincet,
1184 2731 1248 2784 Quid
1259 2736 1345 2780 nucero
1356 2728 1624 2790 nostroserstorisglo·

470 2791 539 2855 pulsu
558 2791 612 2841 ideo
629 2792 653 2840 in
672 2794 748 2841 altum
763 2746 874 2855 agelant,
887 2802 915 2842 ut
931 2794 1030 2850 inde,si
1060 2796 1116 2841 dio?
1147 2796 1217 2842 Modo
1237 2796 1298 2844 refer
1318 2794 1350 2843 sd
1370 2796 1438 2842 oddo.
1470 2794 1539 2840 Adde
1561 2791 1627 2837 nodo

470 2856 562 2903 semina
583 2856 676 2905 illaad
696 2857 817 2906 conclavis
835 2857 935 2921 laquear
952 2873 1029 2921 usque
1062 2857 1184 2923 (insuper)
1206 2857 1237 2906 ad
1258 2858 1320 2908 hanc
1343 2858 1369 2906 iu
1389 2872 1468 2905 amore
1492 2854 1626 2903 stultitiam

469 2919 623 2968 exsiluissent
640 2920 748 2985 illudque
768 2920 947 2986 percussissent,
964 2921 1029 2969 leus·
1061 2921 1225 2985 multomagis
1239 2921 1431 2986 cognoscendam
1445 2918 1519 2969 credis
1535 2917 1626 2967 stroci⁴

471 2989 520 3029 tum
534 2983 931 3049 amorissuiauguriumcaperent.
965 2985 1028 3033 Rem
1061 2993 1144 3041 tatem,
1156 2986 1194 3036 vel
1204 2985 1292 3035 scelus.

471 3054 551 3093 uenat
568 3046 656 3096 Pollux
673 3048 760 3096 Onom.
781 3048 815 3103 ix,
841 3050 895 3097 128.
928 3049 1029 3105 Picenis,
1094 3050 1153 3097 277.
1177 3050 1276 3098 Hellade
1291 3066 1398 3112 percusso
1410 3049 1523 3096 Marius:
1538 3044 1625 3094 seton

470 3109 593 3172 epitheton
615 3126 711 3167 ornans,
733 3111 792 3175 quin
814 3111 839 3159 in
861 3126 916 3175 agro
938 3112 1031 3161 Piceno
1063 3112 1132 3169 Aer„
1145 3113 1486 3177 Moriusquidomohnsneress
1498 3110 1627 3157 Hellodest

472 3174 635 3235 prnstnntiom
644 3176 892 3239 pomonaecebantur.
927 3176 1031 3224 Pencste
1061 3178 1177 3239 quondum
1193 3180 1296 3239 puellum
1312 3178 1469 3232 occidit,cuns
1483 3176 1512 3221 oh
1526 3190 1556 3221 eo
1570 3190 1625 3221 con-

471 3239 510 3283 es?
530 3252 625 3286 monne
643 3238 729 3287 mentis
748 3242 790 3287 esi
805 3254 871 3301 perses
890 3255 912 3287 se
931 3255 985 3295 esse,
1005 3252 1032 3288 ut
1063 3250 1210 3296 temneretur,
1220 3251 1275 3289 etse
1284 3251 1360 3303 pones
1370 3240 1532 3302 precipitavit.

472 3300 536 3364 apud
548 3302 646 3350 Terent.
657 3318 680 3360 v,
693 3304 715 3357 l,
725 3303 766 3359 47,
775 3306 838 3364 opud
848 3319 871 3350 sc
881 3318 934 3359 esse,
946 3302 1032 3352 mentis
1096 3304 1154 3352 278.
1172 3304 1258 3352 Mentis
1277 3314 1397 3359 connote,
1419 3303 1497 3351 htrore
1515 3299 1626 3366 percite,

473 3378 522 3411 sun
531 3379 584 3413 esse
595 3375 737 3429 compotem.
1064 3375 1092 3415 ut
1103 3384 1128 3415 v.
1137 3368 1186 3415 209
1196 3379 1325 3416 winnocus.

504 3428 561 3476 274.
580 3430 658 3482 Quum
668 3430 898 3493 dolhofesitonnoso
910 3431 1031 3493 uerbopo·
1095 3432 1153 3479 279.
1179 3431 1276 3479 Sceleris
1293 3433 1414 3480 dossnohis
1430 3432 1543 3477 eundern:
1568 3442 1627 3476 nam

472 3492 534 3539 loto:
558 3492 654 3541 inverso
673 3493 818 3541 constructio
840 3492 925 3557 (cujus
946 3494 1030 3548 multa,
1063 3502 1091 3542 ut
1104 3510 1128 3542 v.
1138 3496 1188 3543 210
1204 3494 1302 3550 dicitnr,
1317 3496 1457 3544 Stultitiens
1469 3501 1540 3548 erret,
1559 3493 1626 3540 nilsi-

471 3554 591 3621 precipue
600 3556 664 3621 apud
676 3556 812 3621 Virgilium,
824 3557 934 3621 exempla
944 3558 1030 3622 reperi·
1063 3561 1111 3606 lum
1121 3560 1226 3615 distabit,
1237 3577 1269 3606 sn
1281 3562 1330 3607 iro.

473 3624 570 3681 untur),
583 3636 624 3684 pro
636 3620 736 3683 vulgari,
748 3622 820 3667 uerbis
834 3622 906 3667 bulbis
921 3637 1031 3669 annosum
1094 3623 1153 3669 280.
1177 3622 1283 3684 Cognoto
1302 3621 1428 3670 uocobuh:
1456 3635 1470 3668 o
1532 3620 1626 3668 tionem

470 3684 577 3743 polutum
586 3683 666 3748 seris,¹
684 3698 732 3731 uon
742 3682 822 3748 palato
836 3682 901 3731 enim
911 3684 1029 3733 verbale·
1062 3684 1169 3749 aliquam
1185 3684 1248 3733 inter
1264 3700 1291 3734 se
1305 3684 1437 3733 habentia:
1455 3686 1487 3731 Sc
1504 3684 1539 3732 ol.
1554 3685 1626 3738 Act„

472 3746 573 3803 ciuntur,
598 3747 639 3795 sed
657 3748 738 3803 verbo,
758 3761 814 3795 cum
834 3746 1029 3811 pronunciantur,
1062 3750 1153 3796 diuerso
1163 3751 1312 3811 quiden,sed
1326 3748 1626 3803 noumultonsdistontio3

465 3808 573 3872 feriunt,
590 3811 734 3875 percutiunt,
748 3812 862 3873 polutum.
896 3809 1032 3876 Simplicior
1062 3812 1132 3861 utin
1147 3812 1351 3877 sermonepstrio,
1369 3812 1500 3859 Hitseund
1511 3811 1626 3875 Romsy,

473 3887 531 3922 sane
550 3881 613 3923 esset
628 3874 710 3932 oratio,
732 3876 753 3922 si
770 3874 884 3923 Horatius
899 3888 951 3938 pro,
966 3875 1031 3939 seris
1062 3874 1202 3923 Leusinio
1235 3878 1285 3923 und
1295 3876 1403 3923 Tollheit.

473 3937 695 4049 ‘giiffifftfimiff
716 3953 772 4050 οἳ)
789 3940 855 3985 tolio
873 3940 942 3987 veclo
956 3955 1030 4049 poplene
1062 4000 1068 4011 ι
1094 3940 1192 4012 iil-2
1209 3939 1234 3988 7.
1250 3938 1378 3988 Stertinius
1387 3936 1626 4050 dotpirquenlpominum

511 4036 517 4057 ,
586 4016 655 4059 ure,
687 4036 727 4050 ..
761 4017 956 4057 nessusurnos,u
1019 4017 1087 4049 -ru
1133 4019 1140 4049 t
1226 4018 1237 4049 r
1313 4018 1329 4049 u
1379 4018 1411 4049 ree
1457 4016 1485 4049 so
1520 4018 1567 4049 ms

474 4064 547 4113 ratius
566 4064 671 4129 loquitur
688 4017 741 4130 stip.
754 4065 802 4113 Od.
818 4064 836 4121 i,
847 4066 872 4121 9,
886 4066 916 4113 19
935 4018 1031 4130 (tapi-
1064 4014 1233 4140 spipadtdapdt
1250 4017 1379 4130 pprqvptp
1391 4081 1447 4130 qun
1465 4064 1546 4114 animo
1565 4018 1626 4114 doadi

473 4130 543 4238 ppic,
551 4128 745 4193 ψιθυρίσματα),
752 4128 830 4177 edere.
849 4130 968 4193 Apposite
978 4145 1033 4177 cum
1064 4130 1166 4194 cipiunt,
1176 4129 1293 4194 exemplis
1304 4130 1395 4194 probet.

501 4193 575 4240 oratio
594 4202 734 4257 comparant
753 4192 845 4241 Tibull.
863 4192 880 4247 i,
898 4194 924 4248 2,
939 4194 981 4248 91,
1001 4194 1033 4241 Et
1097 4196 1156 4241 281.
1173 4194 1268 4241 Circum
1279 4196 1392 4255 compito:
1403 4191 1445 4239 nbi
1456 4191 1490 4239 dii
1498 4190 1625 4241 domestici

473 4257 517 4303 sibi
528 4258 654 4305 blanditias
669 4258 767 4305 tremulo
784 4272 914 4317 conponere
929 4272 989 4312 occe,
1002 4258 1034 4305 Et
1066 4256 1161 4320 publico
1170 4256 1326 4305 colebantur:
1345 4256 1427 4305 Schol.
1439 4256 1508 4311 Aen,
1519 4255 1627 4303 Jossmt

473 4322 577 4367 monibus
588 4322 755 4383 conosfingere
765 4320 821 4367 vetto
831 4336 912 4368 comos.
1065 4320 1187 4384 Augustus
1194 4324 1221 4367 iu
1227 4323 1330 4382 oontpitis
1338 4323 1389 4368 deos
1397 4320 1494 4367 Penates
1504 4322 1624 4373 monitui,

506 4385 564 4433 275.
583 4385 630 4439 Qut
642 4386 734 4433 senne?
751 4384 823 4447 (utu.
831 4384 904 4444 241),
915 4382 1034 4448 quomodo
1065 4394 1094 4431 ut
1108 4385 1232 4432 studiosius
1248 4386 1387 4432 colerentur.
1419 4385 1507 4439 Siccus,
1520 4383 1625 4438 sobrius,

474 4446 585 4496 insanior
594 4462 667 4513 puero
676 4448 717 4513 qni
729 4461 797 4495 casas
810 4445 928 4495 aedificati
1001 4460 1005 4465 ’
1066 4447 1110 4510 qui
1126 4462 1197 4496 mane
1212 4446 1330 4495 nihildum
1345 4448 1392 4497 cibi
1400 4454 1508 4559 mm
1523 4447 1623 4494 sumsit:

506 4513 628 4568 ornate.
644 4508 1033 4568 AddecnwrensStultitiae,ndde,
1066 4526 1121 4575 sup.
1149 4509 1198 4559 Od.
1223 4510 1257 4568 iv,
1280 4514 1305 4567 6,
1328 4512 1369 4568 89,
1451 4513 1506 4557 'snus
1532 4513 1626 4573 integre

474 4573 538 4637 quod
561 4575 605 4625 illa
626 4574 727 4625 stultitia
749 4572 867 4631 interdum
890 4572 921 4622 ad
943 4574 1034 4625 cedern
1066 4575 1258 4623 Siccisnoneds's.

474 4638 544 4703 rapit.
1097 4638 1155 4693 282.
1183 4637 1268 4687 Loutis
1289 4638 1412 4686 monibus:
1431 4636 1513 4685 Schol.
1536 4636 1625 4698 emq..
