3659 5892
448 513 515 577 330
861 508 1186 575 SATIRARUM

535 662 685 729 Vulcano
699 684 856 727 summum
871 666 1071 749 properabat
1083 664 1227 729 lambere
1241 674 1374 729 tectim

470 766 514 830 75
535 765 695 829 Convivas
710 764 822 829 avidos
838 786 965 829 coenam
979 788 1156 850 servosque
1169 767 1321 831 timentes

534 867 624 932 Tum
638 889 765 953 rapere,
779 878 878 952 atque
893 890 1005 933 omnes
1020 870 1224 953 restinguere
1238 868 1321 935 velle
1334 869 1476 935 videres.

535 969 656 1054 Incipit
670 992 712 1033 ex
725 969 780 1035 illo
794 980 920 1036 montes
936 967 1060 1055 Apulia
1073 982 1169 1036 notos

536 1071 714 1136 Ostentare
728 1070 818 1149 mibi,
834 1094 918 1155 quos
933 1083 1037 1137 torret
1051 1071 1230 1152 Atabulus,
1244 1084 1279 1137 et
1292 1095 1376 1157 quos

536 1173 715 1257 Nunquam
729 1196 929 1259 erepsemus‚
944 1176 1008 1239 nisi
1021 1198 1082 1241 nos
1096 1176 1203 1240 vicirm
1215 1174 1341 1240 Trivici

471 1276 514 1340 80
535 1275 625 1341 Villa
638 1276 816 1361 recepisset
830 1276 1000 1342 lacrimoso
1014 1300 1081 1342 non
1095 1278 1165 1342 sine
1179 1277 1280 1355 fumo,

536 1377 631 1445 Udos
647 1400 722 1443 cum
736 1377 821 1443 foliis
836 1401 943 1445 remos
953 1392 1069 1445 urente
1082 1381 1220 1446 camino.

535 1479 603 1545 Hic
617 1504 679 1565 ego
693 1480 882 1545 mendacem
894 1481 1102 1547 stultissimus
1112 1505 1218 1566 usque
1231 1482 1373 1567 puellam

536 1579 593 1645 Ad
608 1583 747 1648 mediam
760 1592 889 1649 noctem
901 1594 1076 1668 exspecto:
1099 1606 1231 1649 somnus
1246 1597 1355 1649 tamen
1368 1582 1478 1650 aufert

536 1684 701 1749 intentum
716 1684 860 1764 Veneri3
883 1695 954 1750 tum
966 1686 1132 1752 immundo
1146 1672 1271 1751 somnia
1284 1687 1357 1751 visu

472 1786 516 1849 85
538 1786 743 1851 Nocturnum
756 1797 880 1852 vestem
893 1788 1068 1866 maculant,
1081 1800 1292 1873 ventremque
1306 1789 1469 1874 supinum.

537 1888 691 1961 Quatuor
705 1888 782 1954 hinc
796 1890 941 1975 rapimur
954 1890 1069 1975 viginti
1081 1902 1117 1955 et
1127 1891 1227 1955 millia
1239 1891 1364 1969 rhedis,

537 1989 688 2055 Mansuri
704 1990 872 2075 oppidulo,
888 1992 979 2076 quod
993 2016 1091 2058 versu
1104 1994 1214 2058 dicere
1228 2016 1294 2058 non
1308 2004 1371 2071 est,

539 2094 649 2177 Signis
664 2092 819 2177 perfacile
833 2105 902 2159 est:
925 2096 1014 2159 veuit
1027 2094 1182 2159 vilissima
1194 2116 1304 2159 rerum

537 2195 604 2259 Hic
619 2216 717 2278 squa3
742 2195 801 2259 sed
815 2198 908 2280 panis
923 2195 1022 2281 longe
1037 2197 1287 2281 pulcherrimus,
1301 2197 1389 2261 ultra

472 2300 517 2363 90
538 2296 684 2361 Callidus
699 2306 736 2360 ut
751 2295 854 2361 soleat
868 2297 1012 2363 humeris
1026 2309 1159 2383 portare
1173 2300 1299 2378 viator3

538 2400 626 2463 Nam
642 2396 766 2463 Canusi
779 2398 959 2484 lapidosus,
975 2422 1069 2484 aquae
1083 2422 1149 2476 non
1164 2402 1264 2465 ditior
1277 2423 1371 2477 urna,

539 2501 607 2574 Qui
620 2501 712 2567 locus
727 2524 746 2565 a
761 2500 837 2567 forti
854 2502 1016 2567 Diomede
1031 2511 1083 2568 est
1096 2503 1247 2568 conditus
1261 2503 1348 2567 olim.

539 2602 709 2668 Flentibus
725 2602 779 2668 hic
794 2604 916 2669 Varius
932 2604 1072 2669 discedit
1084 2616 1221 2670 moestus
1236 2605 1357 2670 amicis.

537 2706 620 2771 Inde
635 2706 753 2771 Rubos
766 2704 845 2770 lessi
858 2708 1076 2791 pervenimus,
1091 2717 1206 2792 utpote
1220 2706 1354 2791 longum

451 2888 552 2941 tissimi:
570 2889 603 2939 ci.
615 2890 773 2956 supatlSst.
784 2891 803 2947 i,
816 2893 839 2947 1,
856 2893 910 2940 tlt.
940 2891 1011 2939 Lan-
1045 2906 1111 2939 mum
1126 2889 1398 2946 turbantetcmciant,
1416 2908 1432 2939 a
1461 2907 1522 2949 erre,
1539 2891 1566 2940 b.
1578 2908 1604 2942 e.

453 2958 513 3011 bere,
524 2970 567 3019 pro
585 2954 687 3018 vulgari,
704 2958 841 3019 contingen.
1044 2970 1174 3011 removere,
1186 2956 1285 3012 solvere,
1294 2963 1320 3003 et
1328 2954 1429 3005 liberare
1458 2955 1538 3005 'eitun

486 3021 527 3076 75,
539 3020 579 3067 76.
595 3021 688 3076 Avitus,
709 3036 745 3068 so.
762 3020 858 3079 edendi,
875 3028 903 3069 ut
921 3034 1010 3085 proce·
1076 3020 1183 3069 stt-92.
1200 3020 1325 3082 Rapiatur,
1339 3020 1423 3085 rapido
1437 3034 1508 3068 cursu
1520 3021 1605 3070 avehi·

451 3083 519 3132 deut.
542 3085 594 3131 Sat.
618 3084 672 3133 tao.
707 3084 837 3142 Timenteu
859 3100 915 3133 uam
939 3084 1010 3143 sarri,
1043 3100 1105 3132 mur.
1127 3085 1322 3147 oppidulum
1335 3086 1491 3133 arraudioera
1504 3096 1604 3143 mest,

452 3162 507 3197 cum
523 3147 590 3197 cibos
608 3148 671 3197 clam
687 3148 827 3223 surripiunt,
845 3148 931 3199 timent
940 3148 986 3197 sibi
998 3164 1013 3197 a
1043 3148 1109 3212 quod
1121 3164 1170 3197 uon
1180 3163 1250 3197 versu
1262 3148 1368 3213 quidem,
1385 3148 1443 3213 quia
1451 3147 1504 3212 ejus
1515 3164 1605 3199 nomen

453 3211 559 3261 domino.
585 3213 892 3278 Rapers‚raptrmsuierra.
920 3213 1013 3262 Videres
1044 3228 1126 3262 versus
1147 3221 1249 3261 metrum
1263 3212 1363 3279 respuit,
1379 3212 1422 3261 aed
1440 3212 1512 3262 facile
1529 3218 1605 3279 signis

452 3275 527 3340 (ἰόοις
537 3276 594 3339 ἄν),
606 3276 683 3325 sidera
698 3277 800 3337 licebat;
817 3292 868 3333 nos,
885 3281 916 3326 da
927 3278 1010 3326 imaro
1041 3277 1146 3327 externis
1156 3278 1241 3342 (rebus
1251 3276 1308 3325 buie
1324 3276 1413 3341 oppido
1427 3276 1603 3343 peculiaribus)

452 3358 507 3389 aiau
517 3343 583 3389 seben
593 3360 600 3388 .-
610 3340 654 3389 ini.
665 3342 717 3391 Sat.
728 3340 745 3399 i,
757 3343 782 3397 8,
793 3343 834 3399 34,
848 3351 1009 3405 serpentum·
1041 3341 1160 3405 designari
1168 3349 1254 3415 potest,
1270 3357 1341 3405 aque
1355 3341 1568 3405 scilicetpenuria,
1578 3351 1605 3392 et

453 3405 707 3480 possidereslry'eruaa
717 3408 1011 3468 martranenlunampus
1042 3406 1176 3471 pauis‚qm
1192 3405 1257 3455 ibic
1290 3406 1363 3460 uitur.
1380 3406 1527 3471 prumtis.
1559 3408 1604 3455 ln·

452 3472 569 3518 nabentem
581 3490 590 3529 ,·
615 3468 675 3519 rbid.
696 3487 719 3519 v.
739 3472 781 3525 50,
804 3471 901 3533 Sagana
922 3472 1010 3518 calien-
1043 3470 1159 3533 telligitur
1175 3421 1512 3533 animolqutuiiuuffliu
1523 3470 1605 3533 Equus

452 3537 522 3583 drum
543 3535 737 3583 Biddon-eum
754 3550 837 3598 magno
863 3538 868 3549 '
910 3538 1008 3597 uejoro·
1043 3534 1154 3595 Tuticus)
1167 3535 1366 3583 uuucSaotuoeio.
1402 3535 1561 3599 lentiaque
1570 3537 1604 3584 ob

452 3614 496 3662 qus
515 3602 617 3658 uiderem
636 3598 704 3663 Virg.
720 3599 775 3647 Eoi.
787 3599 820 3655 vi,
832 3600 874 3656 27,
910 3617 950 3647 um
962 3615 1013 3647 oero
1044 3597 1099 3647 e'us
1116 3598 1150 3647 ibi
1165 3598 1284 3647 nntatem
1298 3613 1348 3647 uon
1365 3597 1413 3647 uisi
1425 3598 1508 3646 oblato
1527 3600 1605 3663 pretio

452 3667 479 3711 in
499 3680 620 3711 numerum
645 3664 779 3726 Faunosque
793 3664 905 3729 suasque
926 3666 1014 3711 videm
1077 3671 1123 3720 tur,
1146 3663 1172 3711 b.
1192 3678 1216 3712 e.
1238 3661 1357 3711 venditur.
1400 3662 1481 3720 Ultra,
1502 3663 1605 3713 ulterius

454 3729 556 3777 Ludere.
590 3728 750 3792 Rastinguera,
762 3742 797 3777 sc.
809 3728 897 3791 ignem.
1044 3727 1111 3776 inde.
1145 3727 1385 3840 collidunhprovidus
1402 3726 1485 3781 futuri.
1499 3737 1604 3789 portare,

487 3792 593 3840 77-85.
622 3792 656 3839 Er
678 3794 728 3848 iiio,
750 3806 764 3840 s
786 3792 925 3841 Benevento
948 3790 1012 3841 inde.
1043 3807 1080 3841 sc.
1092 3792 1241 3852 Canusium
1283 3809 1322 3839 an
1334 3792 1421 3840 Cosmi
1432 3793 1605 3852 lapidosum.

453 3855 535 3911 Notos,
545 3854 634 3921 patrios
643 3855 735 3905 scilicet
746 3856 854 3905 Horatio.
881 3857 1013 3905 Auuaim:
1044 3856 1114 3967 panis
1135 3866 1174 3905 est
1192 3856 1314 3920 (sortasse,
1334 3856 1393 3921 quia
1412 3857 1558 3904 frumemuru
1577 3856 1605 3905 in

454 3920 484 3969 de
504 3918 548 3969 boc
568 3930 639 3969 vento
656 3920 711 3985 (qui
728 3936 793 3969 nuuc
809 3920 898 3969 dicitur
908 3921 1013 3982 Siroceo)
1054 3920 1105 3969 ocis
1116 3919 1232 3986 lapidosis
1241 3930 1266 3969 et
1281 3920 1387 3969 menonis
1400 3935 1450 3968 uon
1468 3920 1528 3968 satis
1543 3937 1603 3986 pur·

454 3984 556 4033 laudaut
572 3986 657 4033 Seuec.
675 3986 768 4041 Quoest.
786 3986 844 4033 Nat.
859 4001 883 4043 v,
897 3986 937 4040 17,
953 3988 1012 4033 Ata·
1044 3985 1096 4050 gari
1117 3993 1196 4049 potest
1213 3984 1245 4032 ab
1265 3984 1374 4033 immixta
1395 3985 1510 4049 glaream
1538 4002 1604 4048 apua

454 4050 523 4097 buius
533 4050 644 4111 Apuliam
660 4049 765 4114 infestat,
782 4050 913 4098 Calabriam
930 4049 1012 4113 iapyx,
1044 4067 1091 4097 noo
1111 4052 1183 4097 ditior
1203 4066 1275 4107 urna,
1298 4064 1359 4098 urna
1379 4065 1445 4105 veru,
1467 4063 1519 4113 qua
1538 4063 1605 4114 aqua

453 4115 556 4161 Athenas
589 4114 678 4170 Sciron,
709 4114 870 4177 Pamphylium
904 4114 1013 4178 Catagis,
1046 4112 1162 4168 hauritur,
1184 4128 1234 4161 non
1261 4114 1367 4176 (ditior)
1394 4113 1487 4179 plenior
1513 4112 1548 4160 ibi
1568 4122 1608 4163 est

455 4178 560 4227 Galliam
572 4177 677 4226 Circius:
689 4178 721 4225 ci.
734 4177 800 4226 Plin.
812 4179 846 4227 ll.
860 4179 893 4227 N.
905 4178 1013 4237 xvii‚36,
1046 4194 1125 4243 aqua,
1145 4177 1204 4226 be.
1219 4176 1303 4225 eadem
1321 4178 1433 4234 Canusii,
1447 4194 1503 4241 qun
1522 4179 1604 4244 Equo-

455 4244 480 4291 a.
522 4242 655 4304 Erepremua
674 4244 740 4307 (pro,
763 4242 956 4307 erepsissemua),
977 4258 1013 4291 re·
1046 4242 1191 4305 tutiusque
1200 4242 1357 4306 sstpenuria.
1378 4244 1426 4295 Qui
1438 4244 1508 4298 imus.
1520 4243 1605 4291 Canu·

453 4306 567 4373 pandect
585 4304 697 4355 enitendo
713 4307 925 4371 superavissemus.
959 4308 1012 4355 Tri·
1042 4308 1124 4366 sium;
1145 4306 1188 4355 sed
1206 4314 1271 4355 recte
1288 4306 1320 4356 de
1336 4306 1412 4371 hujus
1429 4306 1509 4356 ultimi
1522 4322 1607 4356 renus

453 4375 512 4421 uici:
524 4370 606 4419 Schol.
614 4371 682 4428 Aen,
690 4374 769 4434 oppidi
780 4374 861 4436 insius
872 4374 1012 4433 Campania,
1044 4371 1180 4435 integritate
1196 4370 1292 4419 dubitat
1304 4371 1440 4427 Bentleius,
1461 4379 1487 4420 et
1506 4370 1606 4445 quidem

454 4454 498 4501 quo
520 4436 625 4484 uehicula
639 4439 728 4498 juncta
753 4438 858 4485 accedeus
879 4446 1013 4500 nequeunt5
1044 4453 1074 4487 er
1088 4437 1183 4485 duabus
1194 4437 1314 4501 precipue
1327 4436 1477 4495 rationibus;
1492 4452 1605 4500 pnmum,

454 4518 509 4566 ergo
520 4501 634 4548 Horatius
649 4503 680 4549 ud
696 4502 777 4549 villam
789 4503 893 4550 divertit.
928 4501 1011 4547 lacri-
1045 4501 1102 4565 quia
1118 4500 1224 4565 ineptu-
1241 4510 1267 4548 et
1283 4499 1393 4565 putidum
1410 4501 1482 4549 luerit
1496 4502 1606 4563 Gangra-

454 4580 546 4620 moso‚a
564 4564 588 4613 vi
602 4580 674 4630 quam
694 4565 774 4613 furnus
792 4564 817 4613 in
834 4565 916 4614 oculos
932 4564 1013 4613 babet.
1045 4565 1147 4632 phorum
1174 4580 1239 4613 more
1266 4565 1415 4613 conditorem
1436 4563 1538 4615 Canusii
1566 4565 1606 4613 bie

454 4632 541 4697 Aufert
555 4628 673 4678 intortum
688 4629 784 4678 Veneri:
799 4630 903 4679 suaviter
916 4644 1014 4677 somnus
1046 4644 1251 4688 commemorare;
1286 4628 1375 4680 deiude
1423 4628 1473 4677 uod
1504 4630 1606 4684 locutio,

454 4710 510 4744 eum
530 4708 603 4759 quem
620 4703 731 4761 occupat,
741 4696 772 4743 ab
787 4693 817 4743 iis
831 4710 886 4760 qun
896 4694 951 4759 ejus
962 4695 1014 4743 aui·
1047 4698 1142 4745 woden
1163 4696 1238 4743 locum
1257 4703 1374 4760 repugnet
1394 4711 1411 4761 p
1437 4709 1467 4745 ue
1492 4694 1607 4759 loquendi
