3659 5892
903 501 1202 571 CARMINUM

847 858 1053 927 CARMEN
1077 858 1248 927 XXVIII.

925 1072 1168 1123 accurras.

598 1248 653 1315 Tu
667 1250 765 1315 maris
780 1262 814 1316 et
829 1260 926 1317 terrae
940 1271 1140 1335 numeroque
1155 1251 1295 1317 carentis
1311 1272 1420 1316 erenoe

642 1351 834 1419 Mensorem
848 1350 1015 1430 cohibent,
1030 1349 1191 1439 Archyta,

598 1453 746 1520 Pulveris
761 1455 873 1541 exigui
887 1477 991 1540 prope
1005 1452 1082 1519 litus
1097 1478 1198 1539 parva
1213 1454 1378 1520 Matinum

644 1555 804 1622 Munera:
827 1579 888 1624 nec
902 1557 1083 1642 quidquam
1097 1558 1157 1623 tibi
1172 1558 1307 1643 prodest

546 1660 567 1721 5
600 1658 718 1726 Aerias
734 1671 877 1725 tentasse
893 1660 1019 1739 domos,
1033 1661 1206 1747 animoque
1220 1660 1398 1726 rotundum

644 1761 850 1829 Percurrisse
865 1761 988 1848 polum,
1003 1763 1171 1829 morituro.

472 1927 558 1979 amoris
574 1928 666 1994 laqueis
675 1930 706 1979 ab
717 1929 763 1979 hec
772 1930 894 1981 meretrice
907 1930 1035 1980 irretitum.
1065 1930 1146 1981 Greci
1162 1928 1289 1997 cujusdem
1306 1938 1393 1996 poetes,
1404 1930 1494 1995 qudrus
1512 1930 1628 1982 Horatius

472 1994 639 2044 Bcueinhanc
647 1994 1032 2045 enunuamusutitctmtiuch.
1064 1995 1183 2054 institerit,
1194 1995 1286 2061 ubique
1296 1996 1322 2043 in
1334 1994 1380 2045 hoc
1395 1995 1500 2046 carmine
1515 2012 1629 2063 expressa

472 2058 519 2123 Ep.
530 2058 605 2117 sirii,
613 2056 717 2109 Ἀδεσπ.
727 2058 753 2107 in
761 2060 862 2109 Anthol.
873 2059 1030 2119 Graecsmv,
1064 2058 1246 2109 animadvertes.

471 2124 558 2203 pm,
568 2122 677 2189 Παιδείᾳ
686 2122 859 2189 Θρασύβουλε,
870 2124 1033 2190 σαγηνευθείς
1098 2126 1170 2175 1-6.
1195 2126 1279 2174 Nauis
1298 2138 1377 2189 usque
1395 2122 1427 2173 ed
1442 2125 1628 2191 v.71oquitur.

472 2186 543 2237 vrr's'
594 2185 877 2255 ι’Δσθμαίνιις,διλφὶς
893 2190 927 2247 ὥς
942 2206 980 2249 τις
994 2188 1034 2239 ἐπ’
1067 2188 1251 2239 Marisettsrre
1259 2205 1389 2247 nemeen,
1400 2197 1554 2253 geometram
1573 2191 1627 2241 Nu·

471 2250 514 2317 trip
558 2254 586 2303 οὔ
603 2252 723 2318 Κύματος
739 2252 846 2321 ἱμείρων·
866 2252 1034 2320 δρέπανονδί
1065 2270 1167 2317 mersum
1187 2256 1287 2303 carentis
1304 2270 1379 2303 arene
1397 2270 1531 2303 meumst.-
1552 2255 1628 2305 arith·

471 2333 509 2366 σοι
520 2316 610 2369 οὐδὲτὸ
620 2317 822 2383 ΠερσέωςἊριιεῖ
831 2318 973 2384 decerpitur
982 2316 1033 2368 die·
1065 2317 1167 2377 meticae,
1190 2333 1239 2383 qua
1260 2316 1380 2367 infinitum
1399 2334 1478 2369 erere
1500 2334 1627 2370 numerum

471 2380 1032 2514 ιιιιιιιιιιιιινιν
1064 2382 1629 2500 assuescentem

603 2480 610 2495 .
695 2481 703 2496 .
736 2483 743 2497 .
782 2482 789 2505 ‚
818 2482 825 2497 .
872 2481 879 2496 .

1063 2512 1199 2578 Ῠαμμίτης
1228 2511 1367 2578 inscriptus.
1419 2512 1499 2561 Peroe
1530 2530 1628 2563 nuum

600 2576 754 2627 CARMEN
771 2576 901 2627 XXVIII.
1064 2579 1143 2651 exigui
1153 2579 1416 2643 petverisomatepro,
1426 2576 1505 2643 pulsis
1515 2578 1627 2643 exiguus,

505 2640 625 2706 Archytas
664 2642 817 2701 Tarentinus,
858 2640 1032 2707 Pythegoraus,
1064 2656 1155 2706 exigue
1164 2642 1269 2707 pulveris
1278 2655 1346 2716 pars:
1363 2658 1456 2698 munus,
1464 2650 1492 2691 ut
1502 2658 1576 2708 sepe,
1587 2643 1627 2691 in-

472 2704 587 2767 profunda
597 2706 730 2771 momeuise
741 2705 926 2757 etastronomiss
933 2707 1034 2757 scientis
1066 2707 1138 2755 servit
1158 2706 1298 2774 periphrasi,
1316 2713 1343 2755 ut
1359 2704 1403 2755 int.
1424 2705 1473 2755 Od.
1490 2706 1517 2765 ii,
1541 2710 1563 2764 l,
1585 2709 1628 2758 38.

472 2768 557 2833 puriter
579 2786 607 2820 ec
630 2778 712 2828 morte,
735 2787 792 2836 qua,
813 2769 938 2835 naufragio
957 2788 1031 2838 prope
1064 2772 1186 2821 cohibent.-
1210 2770 1319 2837 apposite
1340 2778 1364 2821 et
1384 2784 1441 2820 cum
1463 2770 1557 2821 detecte
1574 2774 1627 2838 J'am

473 2834 569 2899 Apuiiae
582 2835 637 2885 litus
645 2835 716 2894 secto,
726 2835 823 2901 periisse
831 2834 940 2892 traditur,
948 2844 1029 2897 notus,
1062 2835 1142 2901 pulvis
1163 2834 1266 2900 exiguus
1282 2835 1321 2884 vel
1343 2836 1449 2901 spatium
1466 2837 1627 2887 arctissimum

468 2896 519 2960 jam
529 2898 554 2947 iu
565 2899 610 2950 hoe
618 2899 731 2959 carmine,
739 2900 804 2966 quod
812 2907 888 2949 totum
895 2901 1029 2959 sententiae,
1060 2901 1202 2960 niumm.
1210 2916 1232 2951 e.
1241 2915 1334 2965 cepere,
1344 2899 1453 2957 msere,
1463 2912 1581 2958 coercere,
1589 2901 1627 2951 di·

470 2964 498 3009 de
508 2968 620 3013 communi
631 2968 744 3014 morendi
754 2968 892 3023 necessitate,
901 2966 1033 3017 trectendn
1064 2964 1127 3014 citur
1139 2965 1278 3031 Archytam,
1291 2964 1362 3029 cujus
1372 2964 1467 3014 mimm
1478 2965 1628 3031 amplissime

471 3024 615 3078 destinatum
623 3037 729 3086 estscuru
736 3038 811 3078 nauta
819 3026 924 3094 quodam
932 3029 1033 3095 loquens
1063 3028 1144 3090 maris,
1163 3039 1241 3086 terre,
1258 3038 1283 3079 et
1298 3029 1357 3079 coeii
1372 3030 1451 3095 spatie
1469 3038 1540 3079 antee
1559 3046 1627 3080 com·

471 3091 600 3143 inducitur.
624 3094 734 3159 Pingitur
742 3108 828 3160 nempe
840 3103 912 3143 nauta
922 3094 1030 3158 quidam,
1079 3095 1147 3145 lexus
1163 3103 1188 3145 et
1205 3109 1318 3144 ememus
1334 3096 1425 3143 iuerat:
1442 3094 1488 3142 ins.
1501 3093 1529 3150 ii,
1544 3096 1587 3152 20.
1600 3099 1626 3154 ti,

471 3170 526 3205 cum
549 3157 609 3208 sorte
632 3158 656 3207 in
674 3160 788 3224 Archytss
807 3172 900 3224 corpus,
917 3159 1031 3209 fluctibus
1063 3111 1113 3208 hee
1121 3160 1164 3225 Sty
1185 3164 1205 3208 ’a
1215 3160 1331 3207 cohibebor
1341 3162 1422 3218 onds3
1440 3158 1555 3216 nesso,
1570 3160 1627 3210 Tre-

471 3235 544 3287 prope
559 3221 617 3272 litus
634 3222 756 3273 Matinum
770 3223 881 3287 ejectum,
898 3222 1030 3283 incidisset,
1062 3234 1131 3273 ceste
1174 3226 1284 3273 iritiouss
1304 3224 1406 3272 cohibent
1428 3233 1523 3273 estere.
1556 3224 1628 3276 Litus

471 3284 627 3337 mirabundus
643 3304 699 3337 eum
711 3288 746 3337 ita
761 3288 809 3336 sere
827 3287 947 3337 allocutus
962 3304 1029 3339 esse:
1063 3289 1191 3347 Matinum,
1209 3289 1240 3339 de
1258 3302 1300 3337 ors
1317 3287 1437 3337 celebria
1457 3288 1627 3349 occidentaiis,

473 3348 537 3415 Ergo
553 3368 582 3401 ne
598 3362 623 3401 tu
639 3352 745 3417 quidem,
756 3350 873 3416 Archyta,
884 3361 983 3401 mortem
994 3353 1030 3403 ei·
1063 3368 1079 3401 a
1096 3352 1215 3403 Csiebriae
1231 3352 1391 3419 promontorio
1410 3352 1511 3402 Metine.
1544 3356 1628 3404 Aerias

472 3414 552 3479 fugere
571 3417 677 3482 potuistI,
700 3424 725 3467 et
744 3433 818 3473 nunc,
835 3416 878 3481 qui
894 3424 966 3466 antea
985 3419 1030 3467 im·
1064 3428 1160 3467 tentasse
1170 3421 1253 3475 domos,
1264 3420 1384 3481 animoque
1393 3419 1519 3466 rutundum
1527 3433 1626 3480 percur-

471 3495 553 3530 rnensa
561 3481 727 3539 iussissem,
739 3480 1031 3547 etcoeiispetieemensus
1062 3486 1118 3531 rim
1131 3484 1219 3545 poium,
1231 3480 1387 3549 provulgari,
1403 3482 1553 3531 astronomia
1568 3498 1627 3550 ope-

470 3559 505 3601 es,
523 3555 571 3595 mm
593 3546 707 3611 exiguum
725 3554 791 3597 terre
810 3548 913 3613 spatium
935 3562 1032 3613 corpore
1063 3562 1113 3595 ram
1141 3546 1244 3597 dedisse.
1276 3545 1390 3595 Similiter
1410 3546 1459 3596 iere
1480 3545 1506 3595 in
1529 3548 1577 3613 Ep.
1598 3549 1626 3606 ii,

470 3614 590 3677 occupes?
606 3611 654 3662 Cui
661 3611 774 3677 Archytae
785 3612 883 3671 Manes,
893 3609 951 3660 inde
960 3612 1030 3660 ani
1063 3611 1188 3661 Ptolemaei
1198 3612 1262 3675 Reg.
1271 3610 1374 3661 Anthoi.
1383 3611 1464 3661 Grec.
1475 3612 1505 3659 T.
1513 3609 1539 3668 ii,
1549 3628 1574 3679 p.
1583 3613 1627 3671 65,

471 3690 547 3739 usque
565 3674 597 3725 etl
614 3674 727 3725 carminis
736 3676 822 3727 finem:
841 3676 897 3725 Non
909 3684 954 3734 est,
966 3674 1031 3741 quod
1064 3675 1124 3734 oid,
1142 3674 1181 3725 tu
1194 3677 1287 3736 θνατὸς
1301 3674 1350 3741 ἐγῶ
1364 3677 1408 3725 soi
1422 3673 1550 3741 ipsipspoc'
1566 3677 1627 3728 ἀλλ’

471 3754 509 3787 rne
528 3740 643 3791 occidisse
663 3740 767 3790 mireris:
785 3741 903 3791 Tantalus
923 3756 1030 3815 quoque,
1062 3740 1235 3806 ὅτανᾶστρνν
1247 3740 1370 3791 Μαστεῦω
1385 3742 1492 3799 πυκινὰς
1505 3741 1626 3809 ἅμφιόρό-

471 3802 597 3862 Tithonus.
616 3804 708 3863 Minos,
725 3815 750 3855 et
765 3804 916 3871 Pythagoras
935 3804 1030 3855 occide·
1062 3804 1225 3871 poscheriis,
1237 3806 1288 3857 oi:
1302 3803 1334 3855 ἔτ’
1345 3805 1459 3871 irrisio
1476 3808 1536 3855 ποσὶ
1550 3808 1628 3868 γαίης

470 3870 806 3935 runt,nscullusquisquam
821 3868 1030 3919 moriendinsces·
1063 3878 1121 3921 cett.
1155 3870 1253 3919 Tentare
1267 3872 1342 3919 series
1357 3869 1516 3935 doemunt
1530 3870 1628 3935 adjecta

469 3932 539 3983 sitate
557 3944 666 3984 exemtus
681 3944 732 3995 est;
750 3933 793 3983 sed
810 3934 901 3984 diverso
920 3932 991 3983 modo
1006 3942 1032 3988 et
1064 3934 1154 3984 locutio
1168 3938 1245 3983 enine
1260 3936 1386 3983 rotundum
1399 3936 1479 3998 poium
1490 3952 1627 3997 percum

469 3996 562 4047 diversa
579 4008 648 4049 aetate
667 3998 799 4048 moriuntur
816 3998 941 4058 homines,
967 3997 1029 4048 alius
1060 4000 1137 4063 magis
1150 3998 1264 4065 explicet,
1272 3999 1324 4065 jem
1341 4007 1393 4048 est:
1410 3999 1551 4049 coelumvel
1567 4002 1627 4050 coeii

470 4062 494 4109 in
512 4062 585 4121 bello,
597 4064 658 4113 alins
669 4064 694 4113 in
706 4062 773 4121 inari,
785 4063 848 4112 elius
860 4062 1029 4127 injuventute,
1060 4062 1138 4114 sidere
1153 4064 1286 4131 explorare,
1300 4062 1449 4129 perscrutari,
1464 4063 1572 4125 emetiri,
1589 4065 1626 4115 sic

470 4126 532 4176 eiius
543 4126 567 4177 in
579 4138 702 4179 senectute
713 4128 782 4176 morti
790 4126 942 4177 succumbit:
960 4128 1029 4192 equi-
1060 4128 1150 4196 passim
1169 4138 1259 4177 tentare
1280 4122 1422 4195 simpliciter
1460 4143 1487 4177 ro
1506 4132 1627 4191 espiercre

469 4191 522 4239 dem
535 4193 658 4257 naufragio
669 4191 880 4260 perii3iuhumsto
890 4191 964 4257 igitur
972 4191 1031 4242 mihi
1063 4194 1165 4243 dicitur:
1184 4193 1255 4258 Virg.
1268 4195 1327 4243 AEn.
1336 4191 1372 4249 iii,
1381 4193 1422 4251 tt,
1454 4208 1523 4241 cums
1579 4196 1626 4244 itus

469 4258 587 4319 partIcuia
615 4267 682 4308 terre
704 4258 794 4323 injecta
818 4257 884 4323 justa
908 4258 1015 4322 persolve
1022 4275 1031 4318 ς
1063 4270 1152 4308 tentare
1168 4258 1273 4316 intentes,
1291 4264 1317 4307 et
1330 4274 1386 4324 sup.
1399 4258 1419 4315 i,
1433 4259 1511 4316 11,3,
1573 4262 1625 4323 ‚Io-

469 4322 532 4385 quod
550 4323 570 4371 si
585 4324 677 4381 seceris,
688 4321 818 4372 secundam
831 4330 855 4371 et
866 4330 1027 4387 questionem
1060 4326 1109 4372 nior
1128 4338 1231 4370 numeros
1252 4331 1349 4371 testere.
1382 4322 1470 4387 Itaque
1488 4324 1517 4372 ed
1535 4333 1626 4373 testere

469 4386 645 4449 navigationem
665 4386 707 4436 tibi
722 4401 851 4453 apprecor5
869 4395 893 4435 at
904 4384 972 4436 sime
984 4402 1027 4435 ne·
1060 4387 1091 4437 ad
1103 4387 1204 4453 impium
1216 4402 1310 4444 susum,
1322 4400 1371 4451 quo
1388 4386 1518 4453 Archytas,
1529 4397 1558 4435 ut
1570 4388 1624 4454 phi·

467 4449 577 4512 glexerit,
585 4452 652 4518 justa
662 4452 735 4517 hujus
743 4450 840 4501 sceleris
848 4460 980 4515 tetuosque
987 4466 1029 4501 ne·
1062 4450 1187 4519 Iosephus,
1198 4450 1225 4498 in
1237 4459 1347 4500 usturam
1357 4449 1456 4500 deorum
1464 4450 1624 4517 inquisiverit,

467 4526 533 4625 potes
549 4518 655 4569 manebit
670 4532 760 4584 poenat
790 4516 899 4590 quamvis
919 4514 1027 4573 festinas,
1061 4532 1118 4565 cum
1142 4515 1182 4565 CI.
1202 4514 1305 4565 Mitsch.
1325 4514 1411 4564 referre
1433 4516 1517 4572 nolim,
1540 4518 1625 4564 ,inisse

484 4596 511 4629 oc
531 4590 610 4633 tamen
628 4582 723 4649 pietatis
739 4581 826 4639 efficto,
838 4579 903 4645 quod
915 4578 1027 4629 brevissi·
1058 4597 1192 4643 percurram
1198 4581 1279 4643 poium
1289 4578 1380 4630 dictum
1392 4590 1436 4638 est,
1447 4590 1475 4630 ut
1487 4591 1561 4629 mente
1570 4586 1624 4629 cni·

467 4660 533 4694 mum
551 4646 662 4713 temporis
680 4645 784 4712 spatium
801 4644 884 4709 exigit,
900 4653 1030 4709 antequem
1062 4662 1141 4710 moeste
1162 4660 1226 4693 smne
1247 4648 1378 4695 immensum
1401 4662 1535 4710 peragrare,
1559 4646 1624 4711 apud

467 4708 567 4760 ulterius
580 4714 685 4779 navigas,
697 4709 796 4775 defungi
805 4710 900 4777 poteris.
920 4708 1030 4775 Vestigie
1063 4709 1189 4769 Lucreti,
1201 4710 1243 4758 ts.
