3659 5892
855 944 1233 1050 PRAEFATIO

783 1305 1072 1360 EDITIONIS
1098 1302 1313 1358 TERTIAE.

926 1578 1173 1586 ——u—-—

473 1801 553 1866 Cuu
572 1822 638 1866 non
657 1799 761 1865 aolum
774 1799 809 1862 in
829 1796 1022 1882 praefatione
1037 1796 1081 1860 ad
1095 1795 1272 1861 editionem
1287 1796 1420 1864 Horatii
1435 1799 1623 1867 Car-minum

473 1920 667 2004 Lyricorum
691 1917 837 2002 primam,
859 1916 919 1980 aed
942 1916 1040 1980 etiam
1059 1914 1099 1979 iis
1122 1936 1197 1997 quoe
1215 1937 1321 2001 nuper
1339 1917 1383 1982 ad
1405 1918 1511 1983 editas
1532 1941 1553 1982 a
1572 1942 1624 1985 me

473 2037 606 2103 Horatii
632 2036 756 2102 Satires
783 2045 817 2100 et
845 2032 1014 2118 Epistolaa
1036 2031 1191 2118 praefatus
1219 2057 1302 2112 aum,
1330 2036 1500 2116 rationem,
1526 2059 1626 2121 quam

472 2158 507 2222 in
530 2156 662 2222 Horatii
684 2154 951 2238 interpretatione
971 2161 1103 2218 oecutua
1121 2171 1203 2229 sum
1220 2152 1290 2236 jam
1311 2155 1530 2238 exposuerim,
1544 2154 1627 2220 nihil

475 2274 565 2360 quod
579 2275 735 2340 adderem
748 2271 862 2348 habui,
877 2271 941 2335 nisi
955 2269 1027 2336 haec
1040 2291 1148 2354 pauca
1160 2270 1277 2335 verba:

519 2397 542 2428 “
554 2391 685 2477 AdJeci
703 2393 738 2455 in
756 2389 819 2454 hac
842 2388 939 2453 tertia
955 2387 1106 2452 Odarum
1125 2386 1257 2452 Horatii
1274 2389 1429 2469 editione,
1449 2413 1526 2476 quae
1543 2392 1626 2478 adji-

475 2511 591 2578 cienda
616 2510 829 2586 videbantur3
860 2507 989 2572 resecui
1010 2527 1086 2589 quae
1109 2527 1196 2571 nunc
1221 2506 1456 2593 displicebant3
1491 2508 1625 2575 defendi

476 2629 616 2713 denique
633 2637 783 2711 receptae
803 2625 960 2690 lectiones
974 2624 1156 2688 rationibus
1176 2625 1220 2688 ab
1239 2647 1350 2698 earum
1364 2626 1416 2690 vei
1432 2628 1626 2711 antiquitate

476 2745 526 2810 vel
541 2745 734 2811 necessitate
749 2743 929 2828 repetitis.”
1098 2819 1101 2827 .

519 2863 804 2938 Quemadmodum
818 2871 927 2926 autem
938 2882 1059 2945 operte,
1070 2881 1168 2944 quam
1176 2859 1318 2926 Horatio
1326 2864 1452 2941 navari,
1457 2864 1627 2948 judicibus

477 2984 580 3067 aequis
609 2993 643 3048 et
671 2981 855 3046 humaniter
885 2980 928 3044 de
953 2979 1051 3056 vitiis,
1074 3001 1150 3063 quae
1172 2980 1328 3059 commisi,
1348 3003 1400 3046 me
1421 2983 1630 3048 monentibus

478 3123 574 3168 aures
600 3100 722 3179 faciles,
749 3101 795 3164 ita
817 3098 891 3175 illis,
916 3098 974 3182 qui
998 3095 1117 3174 omnia,
1141 3106 1180 3159 ut
1204 3097 1282 3162 inde
1303 3108 1420 3162 eruant
1444 3100 1535 3184 quod
1556 3113 1630 3166 atro

479 3221 579 3285 dente
594 3228 741 3304 carpant,
758 3239 832 3282 cum
847 3214 1029 3302 pulvisculo
1040 3215 1221 3294 excutiunt,
1237 3238 1333 3283 aurea
1348 3219 1448 3284 duras
1461 3219 1631 3303 praebebo.
1732 3197 1735 3202 ¹

524 3453 659 3532 Gothae,
676 3474 786 3518 menae
802 3451 895 3536 Sept.
914 3469 1123 3515 uncccxxrv.

1301 3689 1541 3755 DOERING.
