3659 5892
647 550 814 617 mnan
837 552 881 633 11,
908 553 936 617 l.

280 714 286 720 '
298 708 449 773 Carmine
464 707 513 773 Dl
525 708 636 792 superi
650 705 833 792 placantur,
849 705 990 771 carmine
1006 703 1134 770 Manes.

297 808 463 896 Agricolae
476 812 587 896 prisci,
603 809 705 874 fortes
720 830 885 894 parvoque
899 808 1000 885 beati,

215 911 277 975 140
298 912 440 980 Condita
454 925 530 1000 post
544 914 717 989 flumenta,
732 912 877 977 levantes
892 921 1038 995 ternpore
1053 906 1138 975 sesto

300 1015 430 1102 Corpus
444 1028 479 1082 et
492 1019 599 1101 ipsum
614 1016 756 1079 animum
770 1037 829 1099 spe
843 1014 920 1077 {inis
935 1014 1018 1079 dura
1033 1011 1201 1091 ferentem,

300 1118 384 1182 Cum
400 1120 496 1183 sociis
511 1138 659 1203 operum,
674 1117 786 1201 pueris
800 1126 835 1181 et
849 1117 989 1201 conjuge
1004 1114 1083 1191 fida,

301 1221 470 1287 Tellurem
482 1243 595 1306 porco,
611 1218 778 1283 Silvanum
791 1218 876 1283 laete
891 1220 1037 1303 piabant,

299 1323 452 1388 Floribus
467 1333 501 1387 et
516 1324 591 1387 vino
606 1321 762 1397 Genium,
778 1342 951 1385 memorem
966 1320 1075 1385 brevis
1090 1321 1160 1385 oevi.

217 1427 278 1491 145
299 1426 504 1492 Fescennina
517 1447 577 1509 per
591 1424 679 1487 buno
695 1423 822 1487 invecta
835 1421 968 1487 lieentia
982 1442 1104 1487 morem

298 1528 462 1593 Versibus
477 1524 610 1590 alternis
626 1526 804 1609 opprobrio
818 1526 941 1589 rustica
956 1524 1052 1603 fudit,

301 1630 520 1713 Libertasque
534 1637 740 1692 recurrentes
755 1636 891 1711 accepta
905 1649 966 1711 per
982 1648 1083 1693 annos

300 1733 398 1799 Lusit
411 1729 611 1809 amabiliter;
634 1730 739 1795 donec
750 1731 819 1815 jam
834 1751 939 1793 saevus
955 1740 1101 1815 apertam

300 1835 340 1899 In
355 1834 479 1899 rabiem
489 1834 572 1897 serti
587 1834 689 1917 coepit
699 1834 807 1918 jocus,
824 1843 858 1896 et
872 1855 933 1917 per
948 1833 1102 1899 honestas

218 1938 280 2003 150
300 1937 353 2003 lre
369 1938 483 2001 domos
498 1938 630 2020 impune
645 1936 765 1999 minax.
810 1934 958 2000 Doluere
974 1948 1109 2001 cruento

300 2040 412 2105 Dente
426 2039 586 2116 lacessiti3
610 2036 673 2101 iirit
686 2038 817 2101 intactis
832 2059 964 2122 quoque
978 2060 1057 2103 cura

301 2142 496 2208 conditione
512 2162 611 2225 super
627 2141 804 2207 communi:
828 2142 908 2223 quin
922 2142 1020 2205 etism
1034 2141 1089 2207 lex

249 2362 304 2411 1³2.
328 2362 473 2411 Cauiorum
492 2364 572 2424 pueris
586 2365 670 2425 ignoro
695 2361 775 2423 puello
807 2360 914 2409 laudarit
934 2362 1066 2418 Gesnems,
1079 2361 1141 2411 Ceto
1158 2362 1188 2413 ds
1204 2364 1243 2413 Re
1258 2364 1332 2415 Rust.
1346 2382 1370 2415 c.

213 2425 602 2492 noritimlegsnterprorulgari,
619 2426 706 2475 chorus
720 2440 774 2473 oss-
806 2426 849 2473 ³4.
881 2426 1009 2489 sylvanum
1022 2428 1094 2476 lorts:
1114 2426 1280 2479 videeundem
1296 2432 1371 2481 Cato·

214 2500 293 2541 torum
312 2506 438 2557 puerorum
460 2499 624 2541 attestamur
644 2492 774 2555 virginum.
808 2505 897 2539 nemo.
909 2492 951 2539 83.

214 2556 305 2620 Igsors
315 2558 395 2617 mutu
405 2559 485 2605 moriri
497 2556 633 2621 (ἄγαμος),
645 2572 722 2618 sspsrs
734 2555 776 2618 (ut
842 2556 898 2603 144.
916 2556 1026 2613 Gsuium,
1044 2572 1161 2605 memorem
1178 2558 1251 2605 trouu
1262 2562 1312 2615 ool,
1325 2560 1372 2609 sevi

214 2636 270 2735 Ἠ.
282 2620 331 2670 04.
345 2618 381 2675 iii,
396 2623 435 2678 ll,
448 2623 476 2669 11
494 2620 614 2685 loquitur)
628 2622 774 2683 nuptiarum,
809 2618 947 2693 brevitatem
966 2620 991 2668 iu
1011 2620 1147 2669 memoriam
1166 2630 1323 2696 revocantem,
1340 2624 1371 2675 de

249 2693 496 2823 &mmm
511 2750 574 2798 uude
588 2764 674 2823 protes,
692 2747 723 2799 sd
741 2749 777 2798 A·
808 2700 853 2823 lii
864 2684 1133 2807 lilibiltierriiinblitili
1144 2686 1371 2802 biiitlilullelibrii

215 2814 331 2879 pollinem
345 2822 370 2865 et
385 2815 491 2864 Drsnsm
505 2814 607 2863 solemur
621 2814 661 2863 dre
677 2812 778 2863 lunden·
810 2828 932 2879 impressa,
944 2830 1008 2877 quoe,
1021 2812 1079 2879 quid
1091 2814 1181 2865 lactum
1192 2824 1232 2873 stt,
1244 2815 1269 2865 in
1281 2832 1370 2867 memo·

214 2878 368 2929 dssscsrm.
378 2880 441 2928 Sec.
450 2894 475 2927 r.
486 2880 512 2933 3,
522 2882 585 2935 dots,
655 2894 778 2941 precemur
810 2876 869 2925 riam
889 2886 998 2939 revocat,
1016 2879 1064 2930 od.
1085 2878 1119 2936 iii,
1138 2881 1177 2937 11,
1196 2882 1238 2936 51,
1257 2891 1280 2931 st
1297 2886 1371 2933 nostri

217 2942 322 3007 Tempore
331 2961 404 2993 sacro.
440 2943 518 2993 ναίω
534 2947 562 2993 ui
579 2897 649 2991 ollii
665 2945 777 2991 Mureti
809 2959 926 2991 memorem
952 2942 1039 2993 notin
1056 2944 1193 2994 memoriam
1207 2949 1370 3013 revocantem)

216 3006 264 3056 nisi
281 3010 368 3058 chorus
384 3009 484 3057 baberet
502 3016 590 3065 satem,
613 3008 655 3073 qui
676 3008 777 3057 eborum
808 3009 928 3069 sepulduo
944 3010 1018 3071 sculpe
1035 3012 1158 3072 querelam.
1201 3010 1248 3061 Vel
1266 3009 1370 3076 explica,

215 3086 312 3123 tarmen
336 3072 465 3123 dicendum
491 3071 534 3135 (ut
561 3072 675 3123 Horatius
693 3073 776 3121 Csrm.
836 3072 1371 3141 obegnsrumelmemorialenentem,quam

216 3137 294 3199 Sne.)
322 3137 427 3187 doceret.
469 3138 553 3187 Cam.
582 3139 645 3185 Sreo.
672 3152 693 3185 s.
723 3136 775 3193 fin„
825 3136 1080 3187 revirvitahominum
1093 3138 1142 3199 sit,
1160 3138 1308 3189 Genioenim
1319 3157 1370 3190 mo-

217 3201 305 3251 Dortus
321 3214 343 3252 st
359 3204 438 3251 Pierii
455 3203 537 3252 uiuus
549 3213 573 3252 st
593 3203 676 3251 Dione
694 3202 778 3249 Dicere
809 3200 919 3251 tiendum
930 3212 966 3251 est
978 3218 1032 3251 tum
1043 3201 1148 3261 homine,
1164 3203 1203 3251 tui
1218 3204 1259 3255 ille
1275 3204 1371 3255 additus

216 3267 305 3315 leuda.
340 3269 475 3324 Praeseutis,
497 3282 545 3333 ops
566 3274 591 3315 et
613 3266 694 3315 lavore
715 3282 777 3341 pre·
810 3275 855 3315 est.

216 3330 317 3380 nudam
327 3346 397 3381 susm
406 3330 475 3395 qussi
489 3329 644 3386 dederatis.
657 3330 775 3397 propitia:
844 3332 901 3379 145.
918 3331 1059 3379 Fescennino
1074 3334 1176 3387 licentio,
1194 3331 1301 3396 intellige
1318 3350 1370 3383 ear-

215 3399 407 3507 l'ii‘m‘m
418 3394 778 3461 emortuum.
806 3394 1372 3525 :tlrlttlttrlltllltbittit

251 3525 308 3575 135.
323 3524 425 3575 Coelsstss
434 3527 544 3587 implorat
554 3542 640 3588 muas:
656 3524 682 3573 in
694 3510 787 3575 Carnu*
807 3534 955 3575 truemnta
987 3528 1097 3582 ostenuio,
1107 3525 1194 3591 oppido
1206 3527 1317 3583 Etruria,
1329 3528 1370 3577 ubi

217 3589 281 3639 Stet.
301 3605 327 3639 v.
349 3592 379 3638 ³1
401 3597 511 3655 precatur
534 3590 631 3648 oborus,
659 3590 776 3639 Nutriant
808 3589 915 3637 carmina
926 3589 1046 3653 nuptialia
1064 3589 1162 3639 inventu
1177 3606 1229 3639 esse
1242 3591 1368 3641 dicuutur:

210 3654 279 3718 J'stus
288 3664 311 3703 st
321 3672 386 3717 oque
394 3656 496 3705 salubres
508 3654 539 3703 Et
550 3654 614 3704 Iouis
624 3672 697 3704 aurs.
715 3656 776 3703 Dor·
809 3653 858 3703 rid.
869 3656 936 3702 Seru.
949 3654 979 3703 ad
993 3654 1061 3717 Virg.
1073 3656 1131 3704 AEn.
1142 3654 1183 3711 vii,
1195 3657 1260 3715 695;
1278 3658 1371 3708 catull.

218 3730 252 3775 to,
263 3733 337 3784 quam
348 3718 431 3769 docuit
442 3727 512 3783 poeta
523 3722 597 3783 χοροῦ
608 3718 760 3777 διδάσκαλος.
809 3718 853 3775 lsi,
864 3720 906 3775 2⁷,
918 3718 981 3765 hauc
992 3717 1113 3767 licentiam
1126 3730 1194 3769 vocat
1209 3721 1371 3770 Fssoeuuinom

252 3786 309 3833 1³6.
323 3785 425 3840 Avertit,
436 3790 495 3833 cett
528 3784 638 3834 Pboebus
648 3784 722 3839 enim,
734 3798 777 3833 ou·
810 3785 959 3832 locutionem:
978 3782 1010 3832 os.
1022 3782 1075 3833 Liv.
1085 3782 1126 3841 vii,
1136 3786 1161 3832 2.

215 3850 259 3914 jus
279 3848 384 3898 levorem
405 3848 493 3898 choros
512 3864 640 3913 puerorum
660 3848 779 3913 implorat,
845 3848 901 3896 147.
919 3848 1071 3897 llemrrsutes
1091 3866 1133 3909 prr
1152 3866 1232 3907 orrum,
1255 3866 1298 3915 pro
1319 3850 1370 3901 vul·

218 3913 677 3977 uldemarerruncusnirorptrmoc.
697 3916 779 3963 Cerm.
812 3912 871 3977 gui,
893 3912 1032 3977 quotannis.
1065 3915 1173 3977 Arrepto,
1195 3923 1264 3977 grata
1285 3924 1310 3964 et
1329 3916 1371 3981 ju·

219 3981 281 4027 See.
298 3994 323 4026 v.
340 3978 382 4033 64,
401 3980 448 4032 Qui
465 3980 566 4027 solutori
578 3980 639 4028 leros
649 3979 779 4043 urtssessos
810 3976 899 4027 cunda.

220 4045 412 4105 Corporissrtus.
846 4044 900 4097 148,
915 4042 971 4091 149.
988 4042 1063 4091 Sosus
1072 4045 1149 4105 jocus,
1168 4044 1254 4092 acerba
1270 4041 1370 4093 maledi-

253 4108 308 4155 137.
326 4105 510 4163 Pooemotium,
523 4106 683 4156 monialem.
812 4106 882 4158 cendi
893 4105 978 4156 libido.
1013 4108 1061 4163 Sic,
1074 4106 1115 4170 qui
1128 4106 1151 4155 in
1167 4108 1275 4172 quemvis
1285 4125 1370 4175 oppro-

254 4174 309 4228 139,
330 4173 386 4221 140.
411 4173 499 4227 Fortes,
515 4172 624 4221 robusti:
641 4170 734 4221 Tibull.
753 4171 780 4229 ii,
813 4172 864 4220 bria
874 4171 951 4235 lingit,
964 4186 1016 4236 sup.
1028 4171 1104 4235 Epist.
1114 4170 1130 4228 i,
1141 4174 1179 4231 15,
1192 4174 1232 4231 30,
1244 4191 1330 4231 sautu,
1347 4184 1372 4225 et

218 4240 244 4294 2,
259 4238 297 4294 14,
310 4237 448 4285 Fortisorot
457 4238 536 4285 solido
542 4239 643 4286 rusticiu
651 4254 707 4286 orm
718 4240 780 4286 bove.
814 4238 899 4287 Venus
910 4236 960 4285 Od.
972 4236 989 4293 i,
1002 4238 1042 4292 33.
1060 4236 1192 4302 l·2,jormos
1208 4250 1275 4302 olous
1285 4242 1371 4287 ouimos

220 4302 341 4359 mmm,
363 4309 505 4359 miserta,
525 4301 667 4359 reficientes,
692 4316 779 4352 cumu-
812 4305 853 4375 stul
860 4304 925 4366 jugo
940 4318 1010 4349 ostrea
1026 4302 1087 4349 Saeuo
1103 4305 1193 4351 mittero
1204 4320 1256 4351 cum
1265 4307 1319 4367 joco
1333 4303 1371 4352 di·

223 4374 779 4543 ίε.1.41.8ρσβιι1ε(Ιιιτιιίιτωιίωιι,ερεῐιιιε,
812 4375 903 4479 cltlbi).
922 4430 1024 4479 Critonio
1044 4433 1119 4480 doute.
1153 4430 1216 4478 Dens
1237 4416 1371 4482 accommo-

219 4494 374 4561 duros,quos
382 4496 512 4552 uunolert,
533 4498 615 4545 shores
626 4498 698 4545 linem
710 4494 778 4543 hebi·
811 4496 866 4544 date
887 4494 918 4543 sd
945 4504 1039 4561 tropum
1065 4494 1154 4544 dicitur
1173 4506 1291 4553 cruentus,
1315 4498 1372 4561 quis

219 4568 286 4609 tsros
305 4576 375 4610 esse:
399 4560 445 4611 ini.
463 4562 485 4609 Ε
502 4562 507 4571 ”
522 4571 541 4611 t.
557 4561 589 4609 sd
608 4560 660 4609 Pis.
677 4576 700 4610 r.
719 4562 778 4619 406,
810 4560 891 4610 (leons
908 4576 1001 4609 morsus
1018 4560 1154 4609 vulneratos
1174 4568 1298 4611 cruentat:
1317 4578 1344 4611 su
1364 4598 1371 4613 .

220 4627 333 4691 boumque
350 4636 464 4687 rspsrtus,
545 4628 665 4691 longorum
687 4642 779 4688 operum
814 4624 930 4691 Epeo,
945 4627 983 4681 15,
996 4624 1163 4673 maledicentes
1178 4635 1230 4673 otro
1243 4627 1310 4675 dente
1325 4580 1371 4677 ati-

213 4691 284 4753 fisis.
812 4706 878 4755 quem
887 4690 1091 4751 pstersdicuutur.

255 4755 310 4803 ltu.
333 4754 447 4805 Tellurem
468 4771 548 4817 porto:
570 4754 687 4812 ridestur,
708 4770 780 4820 quem
847 4755 985 4805 151-153.
1002 4753 1108 4813 intortis,
1120 4752 1372 4805 nondumdentecru·
