3659 5892
493 537 558 603 tet
883 532 1284 601 EPISTOLARUM

585 689 716 753 Certius
731 689 873 773 accipiet
887 688 1055 763 damnum,
1068 686 1245 771 propiusve
1259 684 1420 761 medullis,

582 792 692 865 Quam
706 793 764 876 qui
778 815 844 856 non
856 790 978 875 poterit
994 810 1071 855 vero
1086 788 1288 873 distinguere
1302 785 1427 853 falsum.

515 894 560 958 30
581 894 690 967 Quem
705 915 757 958 res
772 894 847 978 plus
862 892 960 957 nimio
976 890 1179 957 delectavere
1194 890 1358 967 semmdoe,

582 995 724 1060 Mutatae
738 997 905 1080 quatient:
929 994 1052 1077 siquid
1067 993 1238 1069 mirabere,
1254 1013 1358 1077 pones

582 1097 726 1162 invitus:
750 1096 829 1182 fuge
843 1118 981 1181 magne:
1004 1094 1081 1161 licet
1096 1096 1158 1163 suh
1172 1116 1319 1181 paupere
1334 1104 1421 1159 tecto

583 1198 696 1285 Reges
711 1211 745 1265 et
759 1221 875 1285 regum
887 1200 955 1265 vite
969 1218 1171 1284 praecurrere
1186 1198 1318 1263 amicos.

586 1301 713 1366 Cervus
728 1323 849 1386 equum
862 1322 975 1386 pugne
989 1299 1109 1365 melior·
1117 1300 1343 1365 communibus
1356 1298 1468 1363 herbis

518 1405 562 1469 35
584 1402 745 1480 Pellebat,
760 1404 867 1469 donec
880 1404 986 1468 minor
1000 1403 1035 1467 in
1049 1401 1225 1467 certamine
1238 1400 1338 1486 longo

583 1505 772 1591 Imploravit
786 1527 867 1589 opes
881 1504 1032 1581 bominis,
1049 1501 1240 1586 frenumque
1255 1504 1397 1588 recepit:

584 1606 653 1672 Sed
667 1618 842 1693 postquem
855 1608 960 1671 victor
974 1604 1097 1671 violeus
1106 1606 1264 1672 discessit
1280 1607 1322 1669 ab
1337 1606 1442 1683 hoste,

583 1708 665 1775 Non
678 1711 822 1795 equitem
834 1710 945 1787 dorso,
962 1730 1027 1773 non
1041 1706 1168 1773 frenum
1183 1706 1310 1790 depulit
1323 1730 1391 1773 ore.

587 1811 642 1876 Sic
657 1813 726 1896 qui,
740 1812 931 1899 pauperiem
945 1810 1080 1887 veritus,
1094 1810 1221 1897 potiore
1236 1808 1375 1873 metallis

519 1912 564 1978 40
586 1913 757 1981 Libertate
771 1923 872 1990 caret,
886 1912 1054 1979 dominum
1068 1910 1166 1977 vehet
1181 1912 1361 1996 improbus,
1377 1921 1473 1994 atque

587 2015 715 2081 Serviet
729 2026 897 2091 oetemum.
912 2014 991 2099 quie
1004 2034 1107 2099 perso
1121 2014 1246 2079 nesciet
1258 2014 1318 2079 uti.

587 2117 651 2182 cui
665 2140 730 2183 non
744 2118 915 2185 conveniet
931 2138 990 2182 sue
1003 2138 1068 2192 res,
1084 2126 1122 2179 ut
1136 2114 1264 2181 calceus
1279 2115 1366 2193 olim,

587 2218 625 2282 Si
638 2219 724 2302 pede
738 2220 841 2303 major
855 2219 929 2295 erit,
946 2219 1114 2285 subvertet
1123 2244 1133 2296 ς,
1156 2219 1184 2283 si
1198 2218 1313 2295 minor,
1329 2229 1413 2283 uret.

499 2404 676 2455 desmrrmessi
685 2419 740 2470 sup.
751 2405 802 2455 Sat.
812 2404 839 2463 ii,
850 2407 876 2461 4,
887 2405 921 2455 33
936 2402 1060 2471 appellen·
1093 2410 1171 2457 totum
1188 2403 1294 2457 suimusu
1311 2412 1379 2455 tuum
1399 2404 1498 2469 ceperit,
1516 2418 1565 2453 neu
1584 2402 1660 2453 heile

500 2478 540 2519 tur
549 2473 620 2520 rarii.
1094 2468 1126 2517 ab
1139 2484 1168 2517 eo
1177 2468 1277 2517 dissolri
1292 2467 1395 2535 poteris:
1414 2469 1502 2515 Posers
1513 2469 1612 2531 difficile
1625 2480 1659 2517 ss

532 2535 575 2583 24.
592 2536 640 2584 Per
663 2544 774 2584 acturum
795 2531 906 2595 intelligo
927 2547 1025 2581 sensum
1047 2546 1063 2579 a
1094 2550 1143 2596 que
1151 2534 1261 2594 plorum
1271 2536 1323 2591 dtu,
1335 2542 1364 2583 ut
1373 2533 1440 2583 cauit
1456 2540 1525 2597 ports
1543 2532 1658 2582 suarid-

500 2606 588 2648 neturs
609 2598 679 2648 uobis
698 2597 807 2655 insum,
829 2604 855 2647 et
876 2612 942 2645 nuuc
965 2595 1062 2661 quidem
1095 2596 1404 2655 subcurrentem.
1423 2594 1564 2662 Hincsup.
1578 2597 1658 2663 Epist

500 2678 557 2713 eum
575 2664 618 2727 qui
632 2663 741 2712 animum
756 2662 812 2711 vite
824 2660 921 2711 msticae
932 2658 1061 2711 dulcedine
1092 2660 1109 2719 i,
1122 2662 1147 2718 6,
1161 2663 1184 2716 l,
1198 2662 1242 2710 Nil
1249 2664 1373 2719 admirari,
1382 2662 1425 2711 ubi
1437 2661 1485 2711 rid.
1495 2670 1546 2713 sot

501 2727 632 2792 pertundit.
665 2728 746 2775 Furrc
762 2727 881 2789 erpellere,
899 2724 988 2774 locutio
1006 2740 1060 2789 pro·
1125 2726 1167 2775 33.
1184 2726 1266 2790 Rege,
1281 2726 1433 2801 potentiores,
1450 2725 1555 2777 ditiores.
1592 2724 1657 2783 Vite,

501 2791 613 2842 verbialis
623 2792 653 2841 de
664 2792 736 2839 rebus
750 2806 812 2856 quss
822 2790 874 2838 via
888 2790 958 2839 nobis
973 2788 1059 2838 sterti-
1091 2790 1211 2855 sapienter
1238 2790 1332 2841 scilicet
1358 2790 1486 2841 instituta:

501 2872 556 2904 snus
572 2864 597 2905 et
615 2855 735 2921 pellimus.
767 2856 847 2904 Fures
862 2861 899 2903 est
915 2853 1060 2903 instrumen-
1093 2854 1250 2917 (παρελθεῖν,
1279 2853 1476 2921 παραδραμεῖν),
1508 2864 1659 2921 peterem,

501 2928 553 2969 tusu
573 2920 697 2975 rusticum,
716 2935 764 2984 quo
782 2926 913 2969 ammenta
929 2924 954 2967 et
969 2917 1017 2967 elia
1031 2933 1060 2967 es
1094 2934 1215 2983 superare.

502 3000 552 3033 uno
564 2984 617 3035 loco
628 2984 653 3032 iu
665 2982 740 3032 alium
752 2982 932 3048 protruduntur.
1126 2984 1233 3033 34-33.
1249 2984 1312 3035 Cum
1324 2983 1439 3033 llimersei
1450 2982 1490 3033 vel
1502 2984 1657 3035 Himeros*

534 3050 577 3096 25.
594 3048 626 3097 Et
637 3050 698 3096 mata
715 3057 859 3110 perrumpet,
872 3054 969 3122 'cent-et
979 3054 1063 3095 natura
1095 3046 1227 3104 Phalaridi,
1245 3047 1458 3121 Agrigentiuomm
1475 3050 1500 3095 in
1518 3048 1601 3097 Sicilie
1617 3058 1656 3114 ty·

502 3110 1065 3240 2222222
1095 3126 1269 3227 22
1283 3112 1445 3250 22
1463 3121 1655 3234 22

502 3240 643 3291 muneribus
663 3241 689 3289 in
708 3240 773 3303 agris
791 3239 927 3298 abhorrent,
950 3238 1067 3289 extundet
1097 3240 1230 3291 comediam
1247 3256 1351 3307 corporis
1367 3258 1401 3305 qu
1433 3240 1654 3291 uedsreconstitu-

502 3305 676 3369 stqueabiget.
1093 3304 1177 3362 issent,
1187 3305 1345 3363 Stesichorus,
1355 3314 1384 3355 ut
1424 3305 1570 3356 ertAristot.
1583 3306 1654 3357 libet.

534 3370 642 3419 26-29.
659 3368 722 3425 Nos,
738 3371 789 3432 qut,
806 3375 864 3419 cett.
896 3369 1002 3417 Sensus:
1020 3364 1064 3431 qui
1095 3368 1121 3426 ii,
1137 3371 1178 3427 39,
1196 3370 1350 3423 Himcrenses
1372 3368 1404 3419 de
1424 3368 1592 3435 imprudentis,
1607 3385 1655 3435 qur

503 3432 665 3483 adulterinum
672 3449 781 3499 purpure
788 3432 900 3489 colorem.
908 3432 975 3496 quali
984 3428 1063 3543 Aqui·
1096 3450 1121 3483 se
1132 3434 1252 3483 traderent
1261 3434 1397 3499 potentiori,
1409 3432 1493 3483 tabula
1502 3434 1532 3483 de
1547 3450 1616 3485 eam
1631 3444 1655 3485 et

503 3506 572 3547 nates
588 3498 639 3547 deci
672 3514 696 3547 re
714 3497 792 3546 solent
807 3496 937 3561 imperitos.
951 3510 999 3543 uon
1031 3510 1063 3541 ts-
1095 3512 1167 3561 eque,
1201 3512 1257 3547 uam
1271 3498 1311 3547 hic
1329 3508 1410 3547 narrat
1429 3498 1553 3557 Horatius,
1569 3514 1654 3549 monu-

503 3577 599 3613 cemere
615 3561 640 3611 di
659 3563 700 3611 'cit
714 3559 880 3611 contendendo
892 3576 949 3609 cum
960 3559 1065 3624 genuine
1097 3561 1250 3613 irradiatur.
1287 3562 1378 3613 Eodem
1390 3562 1655 3628 reditlabuladsflqu

505 3642 616 3692 purpure
633 3627 722 3681 colore,
740 3626 762 3675 is
778 3624 842 3674 baud
854 3624 966 3675 certiores
976 3633 999 3674 et
1011 3638 1064 3687 grs-
1097 3637 1119 3675 st
1128 3628 1192 3689 Apro
1202 3626 1266 3693 spud
1276 3626 1372 3677 Pbrdr.
1381 3626 1414 3683 is,
1424 3630 1448 3675 4.
1471 3628 1556 3677 stater
1567 3630 1655 3693 (sprir-

505 3690 581 3741 viores
597 3691 681 3741 erroris
698 3700 725 3739 et
741 3691 774 3739 im
818 3688 866 3738 itis
885 3704 971 3755 poenas
986 3686 1062 3745 dabit,
1094 3690 1634 3759 rus>,superior;rrtuor(ilrruv),inlerior.

505 3770 579 3820 quum
596 3754 638 3805 ille
652 3754 755 3820 quinon
798 3754 860 3803 lsum
875 3769 891 3803 s
905 3770 961 3803 vero
977 3751 1062 3803 distin·
1128 3756 1169 3803 37.
1189 3756 1400 3813 Violssss,bomiuis
1414 3772 1461 3822 ops
1475 3756 1554 3809 lectus
1564 3758 1654 3808 violen-

505 3835 576 3883 gnere
597 3820 693 3885 poterit.
738 3819 828 3868 Vellere
851 3821 957 3880 potantis
975 3816 1064 3891 seruos
1095 3818 1150 3877 tior,
1163 3820 1271 3871 ferocior.

505 3885 749 3946 Aquinotcn,b.e.a
781 3881 945 3947 drtquinates
960 3880 1065 3943 (incolas
1129 3884 1170 3933 38.
1189 3884 1372 3946 rtur-repetit,
1381 3898 1430 3933 nen
1441 3883 1559 3949 depellere
1571 3884 1654 3950 putuit,

505 3947 607 4013 Aquini,
629 3963 644 3996 o
662 3948 712 4013 pidi
733 3899 900 4009 tilletum.)
922 3946 978 3995 suco
997 3944 1065 4010 (vide
1097 3947 1217 3997 redebeo
1227 3948 1282 3999 inde
1293 3956 1397 4014 tempere
1408 3950 1513 4014 equitem
1524 3948 1593 3999 domo
1602 3964 1655 4015 por·

505 4026 561 4076 sup.
572 4011 603 4060 ad
614 3964 662 4061 ol.
674 4012 709 4067 iii,
719 4015 745 4068 5,
753 4014 799 4071 28)
812 4011 895 4060 tincta.
926 4012 1065 4059 contendere
1098 4021 1148 4061 ture
1158 4022 1183 4062 et
1193 4013 1286 4062 lrenum
1297 4028 1337 4061 ore
1347 4012 1453 4063 mordere
1463 4022 1561 4065 coaetus
1571 4022 1615 4063 est

507 4078 601 4123 Sidonio
622 4087 690 4134 ostro,
708 4090 845 4140 comparare
865 4091 923 4123 cum
944 4076 1066 4125 velleribus
1130 4077 1236 4127 39-41.
1252 4080 1356 4127 Sensus:
1378 4077 1422 4135 sic,
1440 4078 1492 4153 qui,
1508 4093 1556 4127 non
1573 4077 1655 4144 psueis

507 4143 549 4203 (ut
565 4140 573 4188 l
607 4139 670 4189 uitur
682 4141 799 4189 Horatius
814 4140 859 4189 inf.
870 4138 951 4205 Epist.
965 4140 1004 4193 12,
1020 4139 1066 4201 20)
1098 4150 1233 4197 contentus.
1252 4142 1386 4193 divitiarum
1404 4142 1594 4207 colligendarum
1612 4158 1654 4191 eu·

507 4206 566 4253 luae
575 4156 663 4278 0liquuit
678 4208 803 4253 muricibus
820 4207 918 4253 iterutae.
953 4205 1067 4260 Callidus,
1098 4204 1194 4270 piditeti
1214 4222 1263 4257 rem
1291 4206 1495 4272 pretiosissimam,
1514 4206 1653 4264 liberaum,

506 4268 568 4318 bene
583 4268 688 4336 alicujus
702 4268 851 4334 reiperitus;
866 4266 1067 4333 sicsup.Sat.ii,
1099 4270 1228 4335 postponit,
1250 4270 1358 4337 pecunie
1378 4287 1407 4321 ex
1439 4270 1513 4321 rietur
1533 4270 1653 4337 imperium

507 4334 531 4390 7,
546 4335 739 4390 llll‚subtt'lisaet
754 4337 854 4383 suuldus
859 4336 950 4395 juder:
968 4332 1001 4381 cl.
1014 4334 1065 4381 Set.
1097 4341 1260 4400 sstemumque
1279 4334 1373 4385 serviet.
1427 4338 1545 4398 superisss
1561 4340 1654 4391 uritur,

505 4397 532 4457 ii,
553 4400 577 4454 3,
596 4398 638 4447 23.
679 4398 804 4461 Propiusru
825 4398 941 4455 medullis,
960 4404 985 4445 et
1002 4394 1066 4462 quod
1097 4412 1192 4447 avarus.
1225 4400 1338 4456 Metellis,
1350 4415 1405 4449 cum
1416 4408 1539 4449 contemtu
1550 4416 1600 4466 pso,
1611 4414 1652 4465 pe·

508 4462 613 4528 penitius
622 4460 732 4511 sentitur.
1098 4462 1179 4519 cunia,
1196 4470 1224 4511 ut
1240 4479 1296 4530 sup.
1309 4464 1358 4513 Od.
1371 4463 1397 4519 ii,
1408 4464 1435 4521 2,
1451 4465 1476 4521 3,
1494 4467 1596 4513 mnino:
1617 4466 1652 4511 r'ss·

539 4526 706 4581 (thidatoae,
725 4524 802 4575 scin
819 4524 939 4581 adversas,
955 4538 1005 4589 pru,
1023 4524 1065 4574 td·
1096 4529 1162 4576 imios
1183 4528 1263 4577 lusrsm
1287 4528 1366 4591 Crisps
1387 4528 1494 4579 Sollmts'.
1533 4530 1653 4579 Demiss-

506 4608 581 4641 verse
610 4593 725 4654 quatient.
751 4590 898 4646 concutient,
926 4588 1064 4652 gravissime
1094 4592 1166 4648 sela.
1189 4592 1367 4645 recommodste
1385 4592 1416 4643 sd
1434 4592 1559 4643 tabulam:
1582 4608 1651 4667 pecu-

507 4655 625 4706 allicieut:
643 4666 717 4705 mesta
733 4658 807 4719 quati,
823 4653 938 4768 supod.
953 4652 1025 4727 infe.
1038 4656 1063 4702 4.
1095 4654 1169 4712 niam.
1198 4656 1261 4709 sicut
1336 4674 1368 4707 us
1391 4656 1505 4721 equitem,
1534 4657 1651 4707 dommum

505 4721 532 4767 St
549 4722 606 4784 quid
623 4722 742 4776 wintere,
760 4736 826 4783 porres
860 4721 947 4773 sotem,
967 4733 988 4765 ει
1006 4718 1064 4783 qurd
1095 4734 1165 4769 suurn
1185 4672 1339 4786 portabitffllr.
1350 4738 1373 4771 e.
1385 4720 1511 4787 peruuissu
1522 4722 1569 4771 sibi
1579 4720 1649 4786 impe·
